@incollection{bierhoff11,
year={2011},
isbn={978-3-642-19822-9},
booktitle={Engineering of Software},
editor={Tarr, Peri L. and Wolf, Alexander L.},
doi={10.1007/978-3-642-19823-6_4},
title={{Checking Concurrent Typestate with Access Permissions in Plural: A Retrospective}},
url={http://dx.doi.org/10.1007/978-3-642-19823-6_4},
publisher={Springer Berlin Heidelberg},
author={Bierhoff, Kevin and Beckman, NelsE. and Aldrich, Jonathan},
pages={35-48},
language={English}
}

@inproceedings{dietl11,
 author = {Dietl, Werner and Dietzel, Stephanie and Ernst, Michael D. and Mu\c{s}lu, Kivan\c{c} and Schiller, Todd W.},
 title = {Building and Using Pluggable Type-checkers},
 booktitle = {Proceedings of the 33rd International Conference on Software Engineering},
 series = {ICSE '11},
 year = {2011},
 isbn = {978-1-4503-0445-0},
 location = {Waikiki, Honolulu, HI, USA},
 pages = {681--690},
 numpages = {10},
 url = {http://doi.acm.org/10.1145/1985793.1985889},
 doi = {10.1145/1985793.1985889},
 acmid = {1985889},
 publisher = {ACM},
 address = {New York, NY, USA},
}

@article{garcia14,
 author = {Garcia, Ronald and Tanter, \'{E}ric and Wolff, Roger and Aldrich, Jonathan},
 title = {Foundations of Typestate-Oriented Programming},
 journal = {ACM Trans. Program. Lang. Syst.},
 issue_date = {October 2014},
 volume = {36},
 number = {4},
 month = oct,
 year = {2014},
 issn = {0164-0925},
 pages = {12:1--12:44},
 articleno = {12},
 numpages = {44},
 url = {http://doi.acm.org/10.1145/2629609},
 doi = {10.1145/2629609},
 acmid = {2629609},
 publisher = {ACM},
 address = {New York, NY, USA},
 keywords = {Access permissions, gradual typing, types, typestates},
}

@misc{jsr269,
 author = {{Java Community Process}},
 title = {{JSR 269: Pluggable Annotation Processing API}},
 year = {2014},
 howpublished = {\url{https://www.jcp.org/en/jsr/detail?id=269}}
}

@inproceedings{papi08,
 author = {Papi, Matthew M. and Ali, Mahmood and Correa,Jr., Telmo Luis and Perkins, Jeff H. and Ernst, Michael D.},
 title = {Practical Pluggable Types for Java},
 booktitle = {Proceedings of the 2008 International Symposium on Software Testing and Analysis},
 series = {ISSTA '08},
 year = {2008},
 isbn = {978-1-60558-050-0},
 location = {Seattle, WA, USA},
 pages = {201--212},
 numpages = {12},
 url = {http://doi.acm.org/10.1145/1390630.1390656},
 doi = {10.1145/1390630.1390656},
 acmid = {1390656},
 publisher = {ACM},
 address = {New York, NY, USA},
}
