% -------------------------------------------------------------------------------
%                A
% -------------------------------------------------------------------------------

@book{abadi96,
 author = {Mart\'in Abadi and Luca Cardelli},
 title = {A  Theory of Objects},
 year = {1996},
 isbn = {0387947752},
 publisher = {Springer-Verlag New York, Inc.},
 address = {Secaucus, NJ, USA},
}

@inproceedings{acar02,
 author = {Umut A. Acar and Guy E. Blelloch and Robert Harper},
 title = {Adaptive functional programming},
 booktitle = {POPL '02: Proceedings of the 29th ACM SIGPLAN-SIGACT Symposium on Principles of Programming Languages},
 year = {2002},
 isbn = {1-58113-450-9},
 pages = {247--259},
 location = {Portland, Oregon},
 doi = {http://doi.acm.org/10.1145/503272.503296},
 publisher = {ACM Press},
 address = {New York, NY, USA},
}

@techreport{acar04,
 title = {Adaptive Memoization},
 author = {Umut A. Acar and Guy E. Blelloch and Robert Harper},
 year = {2004},
 number = {CMU-CS-03-208},
 institution = {School of Computer Science, Carnegie Mellon University}
}

@inproceedings{acar04b,
 author = {Umut A. Acar and Guy E. Blelloch and Robert Harper and Jorge L. Vittes and Shan Leung Maverick Woo},
 title = {Dynamizing static algorithms, with applications to dynamic trees and history independence},
 booktitle = {SODA '04: Proceedings of the fifteenth annual ACM-SIAM symposium on Discrete algorithms},
 year = {2004},
 isbn = {0-89871-558-X},
 pages = {531--540},
 location = {New Orleans, Louisiana},
 publisher = {Society for Industrial and Applied Mathematics},
 address = {Philadelphia, PA, USA}
}

@phdthesis{acar05,
 author = {Umut A. Acar},
 title = {Self-Adjusting Computation},
 school = {Department of Computing Science, Carnegie Mellon University},
 year = {2005}
}

@inproceedings{acar06,
 author = {Umut A. Acar and Guy E. Blelloch and Matthias Blume and Kanat Tangwongsan},
 title = {An experimental analysis of self-adjusting computation},
 booktitle = {PLDI '06: Proceedings of the 2006 ACM SIGPLAN Conference on Programming Language Design and Implementation},
 year = {2006},
 isbn = {1-59593-320-4},
 pages = {96--107},
 location = {Ottawa, Ontario, Canada},
 doi = {http://doi.acm.org/10.1145/1133981.1133993},
 publisher = {ACM Press},
 address = {New York, NY, USA},
}

@inproceedings{acar07,
 title = {A Consistent Semantics of Self-adjusting Computation},
 author = {Umut A. Acar and Matthias Blume and Jacob Donham},
 series = {Lecture Notes in Computer Science},
 publisher = {Springer},
 address = {Berlin / Heidelberg},
 volume = {4421},
 booktitle = {Programming Languages and Systems, Proceedings of the 16th European Symposium on Programming (ESOP'07)},
 year = {2007},
 pages = {458--474}
}

@inproceedings{acar08,
 author = {Umut A. Acar and Ruy Ley-Wild},
 title  = {Self-adjusting Computation with Delta ML},
 booktitle = {Advanced Functional Programming},
 year = {2008},
 pages = {1-38},
 ee = {http://dx.doi.org/10.1007/978-3-642-04652-0_1},
 crossref = {DBLP:conf/afp/2008},
 bibsource = {DBLP, http://dblp.uni-trier.de}
}

@inproceedings{acar10,
 author = {Acar, Umut A. and Blelloch, Guy and Ley-Wild, Ruy and Tangwongsan, Kanat and Turkoglu, Duru},
 title = {Traceable data types for self-adjusting computation},
 booktitle = {Proceedings of the 2010 ACM SIGPLAN Conference on Programming Language Design and Implementation},
 series = {PLDI '10},
 year = {2010},
 isbn = {978-1-4503-0019-3},
 location = {Toronto, Ontario, Canada},
 pages = {483--496},
 numpages = {14},
 doi = {10.1145/1806596.1806650},
 acmid = {1806650},
 publisher = {ACM},
 address = {New York, NY, USA},
 keywords = {self-adjusting computation, traceable data types},
}

@InProceedings{acar12,
 author = {Umut A.~Acar and Amal Ahmed and James Cheney and Roly Perera},
 title = {A core calculus for provenance},
 booktitle = {POST},
 pages = {410--429},
 year = 2012,
 volume = 7215,
 series = {LNCS},
 publisher = {Springer-Verlag}
}

@inproceedings{achten98,
 author = {Peter Achten and Marinus J. Plasmeijer},
 title = {Interactive Functional Objects in {Clean}},
 booktitle = {IFL '97: Selected Papers from the 9th International Workshop on Implementation of Functional Languages},
 year = {1998},
 isbn = {3-540-64849-6},
 pages = {304--321},
 publisher = {Springer-Verlag},
 address = {London, UK},
}

@book{agha86,
 author = {Gul Agha},
 title = {Actors: A model of concurrent computation in distributed systems},
 publisher = {The MIT Press},
 year = {1986},
 address = {Cambridge, MA, USA}
}

@inproceedings{agrawal90,
 author = {Agrawal, Hiralal and Horgan, Joseph R.},
 title = {Dynamic program slicing},
 booktitle = {PLDI '90: Proceedings of the ACM SIGPLAN 1990 Conference on Programming Language Design and Implementation},
 year = {1990},
 isbn = {0-89791-364-7},
 pages = {246--256},
 location = {White Plains, New York, United States},
 doi = {http://doi.acm.org/10.1145/93542.93576},
 publisher = {ACM},
 address = {New York, NY, USA}
}

@book{alexander98,
 editor = {H. G. Alexander},
 title = {The {Leibniz-Clarke} Correspondence: Together with Extracts from {Newton}'s {Principia and Optick}},
 year = {1998},
 isbn = {0719006694},
 publisher = {Manchester University Press}
}

@inproceedings{alhadidi07,
 author = {Dima Alhadidi and Nadia Belblidia and Mourad Debbabi and Prabir Bhattacharya},
 title = {An {AOP} Extended Lambda-Calculus},
 booktitle = {SEFM '07: Proceedings of the Fifth IEEE International Conference on Software Engineering and Formal Methods},
 year = {2007},
 isbn = {0-7695-2884-8},
 pages = {183--194},
 doi = {http://dx.doi.org/10.1109/SEFM.2007.5},
 publisher = {IEEE Computer Society},
 address = {Washington, DC, USA}
}

@inproceedings{alimarine05,
 author = {Artem Alimarine and Sjaak Smetsers and Arjen van Weelden and Marko van Eekelen and Rinus Plasmeijer},
 title = {There and back again: arrows for invertible programming},
 booktitle = {Haskell '05: Proceedings of the 2005 ACM SIGPLAN Workshop on Haskell},
 year = {2005},
 isbn = {1-59593-071-X},
 pages = {86--97},
 location = {Tallinn, Estonia},
 doi = {http://doi.acm.org/10.1145/1088348.1088357},
 publisher = {ACM},
 address = {New York, NY, USA}
}

@inproceedings{amadio95,
 author = {Roberto M. Amadio and Lone Leth and Bent Thomsen},
 title = {From a Concurrent Lambda-Calculus to the Pi-Calculus},
 booktitle = {FCT},
 year = {1995},
 pages = {106-115},
 ee = {http://dx.doi.org/10.1007/3-540-60249-6_43},
 bibsource = {DBLP, http://dblp.uni-trier.de}
}

@article{andreae06,
 author = {Chris Andreae and James Noble and Shane Markstrum and Todd Millstein},
 title = {A framework for implementing pluggable type systems},
 journal = {SIGPLAN Notices},
 volume = {41},
 number = {10},
 year = {2006},
 issn = {0362-1340},
 pages = {57--74},
 doi = {http://doi.acm.org/10.1145/1167515.1167479},
 publisher = {ACM Press},
 address = {New York, NY, USA},
}

@techreport{arvind80,
 author = {Arvind, V. Kathail and K. Pingali},
 title = {A data-flow architecture with tagged tokens},
 number = {TR-174},
 institution = {MIT Laboratory for Computer Science},
 year = {1980}
}

@book{ashcroft95,
 author = {E. A. Ashcroft and A. A. Faustini and R. Jagannathan and W. W. Wadge},
 title = {Multidimensional Programming},
 publisher = {Oxford University Press},
 address = {Oxford},
 year = {1995}
}

@inproceedings{asperti98,
 author = {Andrea Asperti and Harry G. Mairson},
 title = {Parallel beta reduction is not elementary recursive},
 booktitle = {POPL '98: Proceedings of the 25th ACM SIGPLAN-SIGACT Symposium on Principles of Programming Languages},
 year = {1998},
 isbn = {0-89791-979-3},
 pages = {303--315},
 location = {San Diego, California, USA},
 doi = {http://doi.acm.org/10.1145/268946.268971},
 publisher = {ACM Press},
 address = {New York, NY, USA}
}

@article{asperti04,
 author = {Andrea Asperti and Paolo Coppola and Simone Martini},
 title = {(Optimal) duplication is not elementary recursive},
 journal = {Information and Computing},
 volume = {193},
 number = {1},
 year = {2004},
 issn = {0890-5401},
 pages = {21--56},
 doi = {http://dx.doi.org/10.1016/j.ic.2004.05.001},
 publisher = {Academic Press, Inc.},
 address = {Duluth, MN, USA}
}

% -------------------------------------------------------------------------------
%                B
% -------------------------------------------------------------------------------

@article{backus78,
 author = {John Backus},
 title = {Can programming be liberated from the von Neumann style?  A functional style and its algebra of programs},
 journal = {Communications of the ACM},
 volume = {21},
 number = {8},
 year = {1978},
 issn = {0001-0782},
 pages = {613--641},
 doi = {http://doi.acm.org/10.1145/359576.359579},
 publisher = {ACM Press},
 address = {New York, NY, USA},
}

@article{bancilhon81,
 author = {Fran\c{c}ois Bancilhon and Nicolas Spyratos},
 title = {Update semantics of relational views},
 journal = {ACM Transactions on Database Systems},
 volume = {6},
 number = {4},
 year = {1981},
 issn = {0362-5915},
 pages = {557--575},
 doi = {http://doi.acm.org/10.1145/319628.319634},
 publisher = {ACM},
 address = {New York, NY, USA}
}

@book{beck02,
 author = {Beck, Kent},
 title = {Test Driven Development: By Example},
 year = {2002},
 isbn = {0321146530},
 publisher = {Addison-Wesley Longman Publishing Company, Inc.},
 address = {Boston, MA, USA},
}

@inproceedings{begel07,
 author = {Andrew Begel},
 title = {End User Programming for Scientists: Modeling Complex Systems},
 booktitle = {End-User Software Engineering},
 year =	{2007},
 editor = {Margaret H. Burnett and Gregor Engels and Brad A. Myers and Gregg Rothermel},
 number = {07081},
 series = {Dagstuhl Seminar Proceedings},
 ISSN =	{1862-4405},
 publisher = {Internationales Begegnungs- und Forschungszentrum f{\"u}r Informatik (IBFI), Schloss Dagstuhl, Germany},
 address = {Dagstuhl, Germany},
 URL = {http://drops.dagstuhl.de/opus/volltexte/2007/1077},
 annote = {Keywords: StarLogo, Science, Modeling, Complex Systems}
}

@inproceedings{bem01,
 author = {Ewa Z. Bem and John Rosenberg},
 title = {An Approach to Implementing Persistent Computations},
 booktitle = {POS-9: Revised Papers from the 9th International Workshop on Persistent Object Systems},
 series = {Lecture Notes in Computer Science},
 location = {Lillehammer, Norway},
 year = {2001},
 isbn = {3-540-42735-X},
 pages = {189--200},
 publisher = {Springer-Verlag},
 address = {London, UK},
}

@inproceedings{bengtson08,
 author = {Bengtson, Jesper and Bhargavan, Karthikeyan and Fournet, C\'{e}dric and Gordon, Andrew D. and Maffeis, Sergio},
 title = {Refinement Types for Secure Implementations},
 booktitle = {Proceedings of the 2008 21st IEEE Computer Security Foundations Symposium},
 year = {2008},
 isbn = {978-0-7695-3182-3},
 pages = {17--32},
 numpages = {16},
 url = {http://dl.acm.org/citation.cfm?id=1380848.1381243},
 doi = {10.1109/CSF.2008.27},
 acmid = {1381243},
 publisher = {IEEE Computer Society},
 address = {Washington, DC, USA},
}

@article{benton04,
 author = {Nick Benton and Luca Cardelli and C\&\#233;dric Fournet},
 title = {Modern concurrency abstractions for C\#},
 journal = {ACM Transactions on Programming Languages and Systems (TOPLAS)},
 volume = {26},
 number = {5},
 year = {2004},
 issn = {0164-0925},
 pages = {769--804},
 doi = {http://doi.acm.org/10.1145/1018203.1018205},
 publisher = {ACM Press},
 address = {New York, NY, USA},
}

@article{bernstein95a,
 title = "Operational Semantics of a Focusing Debugger",
 journal = "Electronic Notes in Theoretical Computer Science",
 volume = "1",
 number = "0",
 pages = "13 - 31",
 year = "1995",
 issn = "1571-0661",
 doi = "10.1016/S1571-0661(04)80002-1",
 url = "http://www.sciencedirect.com/science/article/pii/S1571066104800021",
 author = "Karen L. Bernstein and Eugene W. Stark"
}

@inproceedings{bernstein95b,
 author = {Bernstein, Karen L. and Stark, Eugene W.},
 booktitle = {Proceedings of the 2nd International Workshop on Automated and Algorithmic Debugging (AADEBUG)},
 editor = {Mireille Ducass\'e},
 pages = {261-275},
 title = {Formally Defining Debuggers: A Comparison of Three Approaches.},
 url = {http://dblp.uni-trier.de/db/conf/aadebug/aadebug95.html#BernsteinS95},
 year = {1995},
 location = {Saint Malo, France},
 publisher = {IRISA-CNRS}
}

@inproceedings{berry78,
 author = {Berry, G{\'e}rard},
 title = {Stable Models of Typed $\lambda$-Calculi},
 booktitle = {Proceedings of the Fifth Colloquium on Automata, Languages and Programming},
 year = {1978},
 isbn = {3-540-08860-1},
 pages = {72--89},
 numpages = {18},
 url = {http://dl.acm.org/citation.cfm?id=646232.682069},
 acmid = {682069},
 publisher = {Springer-Verlag},
 address = {London, UK},
}

@phdthesis{berry79,
 author = {G\'erard Berry},
 title = {Mod\`eles compl\`etement ad\'equats et stables des lambda-calculs typ\'es},
 type = {Th\`ese de Doctorat d'Etat},
 school = {Universit\'e Paris VII},
 year = {1979}
}

@inproceedings{berry89,
 author = {Berry, G\'erard and Boudol, Gerard},
 title = {The chemical abstract machine},
 booktitle = {Proceedings of the 17th ACM SIGPLAN-SIGACT Symposium on Principles of Programming Languages},
 series = {POPL '90},
 year = {1990},
 isbn = {0-89791-343-4},
 location = {San Francisco, California, United States},
 pages = {81--94},
 numpages = {14},
 url = {http://doi.acm.org/10.1145/96709.96717},
 doi = {http://doi.acm.org/10.1145/96709.96717},
 acmid = {96717},
 publisher = {ACM},
 address = {New York, NY, USA},
}

@incollection{bierhoff11,
year={2011},
isbn={978-3-642-19822-9},
booktitle={Engineering of Software},
editor={Tarr, Peri L. and Wolf, Alexander L.},
doi={10.1007/978-3-642-19823-6_4},
title={Checking Concurrent Typestate with Access Permissions in Plural: A Retrospective},
url={http://dx.doi.org/10.1007/978-3-642-19823-6_4},
publisher={Springer Berlin Heidelberg},
author={Bierhoff, Kevin and Beckman, NelsE. and Aldrich, Jonathan},
pages={35-48},
language={English}
}

@article{bird97,
 author = {Richard Bird and Geraint Jones and Oege De Moor},
 title = {More haste, less speed: lazy versus eager evaluation},
 journal = {Journal of Functional Programming},
 volume = {7},
 number = {5},
 year = {1997},
 issn = {0956-7968},
 pages = {541--547},
 doi = {http://dx.doi.org/10.1017/S0956796897002827},
 publisher = {Cambridge University Press},
 address = {New York, NY, USA},
}

@phdthesis{biswas97,
  author = "Sandip K. Biswas",
  title = "Dynamic Slicing in Higher-Order Programming Languages",
  school = "University of Pennsylvania",
  year = "1997"
}

@inproceedings{black04,
 author = {Andrew P. Black and Mark P. Jones},
 title = {The Case for Multiple Views},
 booktitle = {Workshop on Directions in Software Engineering Environments, ICSE 2004},
 location = {Edinburgh, Scotland},
 year = {2004}
}

@book{blackburn01,
 author = {Patrick Blackburn and Maarten de Rijke and Yde Venema},
 title = {Modal Logic},
 publisher = {Cambridge University Press},
 address = {Cambridge, UK},
 year = {2001}
}

@article{bobrow88,
 author = {Daniel G. Bobrow and Linda G. DeMichiel and Richard P. Gabriel and Sonya E. Keene and Gregor Kiczales and David A. Moon},
 title = {{Common Lisp Object System} specification},
 journal = {SIGPLAN Notices},
 volume = {23},
 number = {SI},
 year = {1988},
 issn = {0362-1340},
 pages = {1--142},
 doi = {http://doi.acm.org/10.1145/885631.885632},
 publisher = {ACM Press},
 address = {New York, NY, USA},
}

@inproceedings{bohannon08,
 author = {Aaron Bohannon and J. Nathan Foster and Benjamin C. Pierce and Alexandre Pilkiewicz and Alan Schmitt},
 title = {Boomerang: resourceful lenses for string data},
 booktitle = {POPL '08: Proceedings of the 35th Annual ACM SIGPLAN-SIGACT Symposium on Principles of Programming Languages},
 year = {2008},
 isbn = {978-1-59593-689-9},
 pages = {407--419},
 location = {San Francisco, California, USA},
 doi = {http://doi.acm.org/10.1145/1328438.1328487},
 publisher = {ACM},
 address = {New York, NY, USA}
}

@book{borning79,
 address = {Palo Alto, California},
 author = {Borning, Alan Hamilton},
 keywords = {imported},
 month = {July},
 publisher = {Palo Alto Research Center XEROX},
 title = {{ThingLab -- A Constraint-Oriented Simulation Laboratory}},
 year = 1979
}

@article{borning81,
 author = {Borning, Alan},
 title = {The Programming Language Aspects of ThingLab, a Constraint-Oriented Simulation Laboratory},
 journal = {ACM Trans. Program. Lang. Syst.},
 issue_date = {Oct. 1981},
 volume = {3},
 number = {4},
 month = oct,
 year = {1981},
 issn = {0164-0925},
 pages = {353--387},
 numpages = {35},
 doi = {10.1145/357146.357147},
 acmid = {357147},
 publisher = {ACM},
 address = {New York, NY, USA},
}

@inproceedings{booth97,
 author = {Simon P. Booth and Simon B. Jones},
 title = {Walk Backwards to Happiness - Debugging by Time Travel},
 booktitle = {Automated and Algorithmic Debugging},
 year = {1997},
 pages = {171--183}
}

@article{bose05,
 author = {Rajendra Bose and James Frew},
 title = {Lineage retrieval for scientific data processing: a survey},
 journal = {ACM Computing Surveys},
 volume = {37},
 number = {1},
 year = {2005},
 pages = {1--28},
 doi = {http://OPTdoi.acm.org/10.1145/1057977.1057978},
 publisher = {ACM Press},
 address = {New York, NY, USA},
}

@incollection{boudol89,
year={1989},
isbn={978-3-540-51080-2},
booktitle={Linear Time, Branching Time and Partial Order in Logics and Models for Concurrency},
volume={354},
series={Lecture Notes in Computer Science},
editor={Bakker, J.W. and Roever, W.-P. and Rozenberg, G.},
doi={10.1007/BFb0013028},
title={Permutation of transitions: An event structure semantics for {CCS} and {SCCS}},
url={http://dx.doi.org/10.1007/BFb0013028},
publisher={Springer Berlin Heidelberg},
keywords={process algebras; pomset-labelled transition systems; event structures},
author={Boudol, Gérard and Castellani, Ilaria},
pages={411-427}
}

@inproceedings{brassel04,
 author = {Brassel, B. and Hanus, M. and Huch, F. and Vidal, G.},
 title = {A semantics for tracing declarative multi-paradigm programs},
 booktitle = {Proceedings of the 6th ACM SIGPLAN International Conference on Principles and Practice of Declarative Programming},
 series = {PPDP '04},
 year = {2004},
 isbn = {1-58113-819-9},
 location = {Verona, Italy},
 pages = {179--190},
 numpages = {12},
 url = {http://doi.acm.org/10.1145/1013963.1013984},
 doi = {10.1145/1013963.1013984},
 acmid = {1013984},
 publisher = {ACM},
 address = {New York, NY, USA},
 keywords = {functional logic programming, semantics, tracing},
}

@article{brooks87,
 author = {Frederick P. Brooks},
 title = {No silver bullet: essence and accidents of software engineering},
 journal = {Computer},
 volume = {20},
 number = {4},
 year = {1987},
 issn = {0018-9162},
 pages = {10--19},
 publisher = {IEEE Computer Society Press},
 address = {Los Alamitos, CA, USA},
}

@article{broy91,
 author = {Manfred Broy},
 title = {Towards a Formal Foundation of the Specification and Description Language {SDL}},
 journal = {Formal Aspects of Computing},
 volume = {3},
 number = {1},
 pages = {21--57},
 year = {1991},
}

@inproceedings{buneman01,
 author = {Buneman, Peter and Khanna, Sanjeev and Tan, Wang-Chiew},
 title = {Why and Where: A Characterization of Data Provenance},
 booktitle = {Proceedings of the 8th International Conference on Database Theory},
 series = {ICDT '01},
 year = {2001},
 isbn = {3-540-41456-8},
 pages = {316--330},
 numpages = {15},
 url = {http://dl.acm.org/citation.cfm?id=645504.656274},
 acmid = {656274},
 publisher = {Springer-Verlag},
 address = {London, UK},
}

@article{buneman08,
 author = {Peter Buneman and James Cheney and Stijn Vansummeren},
 title = {On the expressiveness of implicit provenance in query and update languages},
 journal = {ACM Transactions on Database Systems},
 year = 2008,
 volume = 33,
 number = 4,
 pages = 28,
 month = {November}
}

@article{burnett01,
 author = {Margaret Burnett and John Atwood and Rebecca Walpole Djang and James Reichwein and Herkimer Gottfried and Sherry Yang},
 title = {Forms/3: A first-order visual language to explore the boundaries of the spreadsheet paradigm},
 journal = {Journal of Functional Programming},
 volume = {11},
 number = {02},
 pages = {155--206},
 year = {2001},
 publisher = {Cambridge University Press}
}

% -------------------------------------------------------------------------------
%                C
% -------------------------------------------------------------------------------

@incollection{cappelen12,
 author = {Cappelen, Herman and Lepore, Ernest},
 title = {Quotation},
 booktitle = {The Stanford Encyclopedia of Philosophy},
 editor = {Edward N. Zalta},
 howpublished = {\url{http://plato.stanford.edu/archives/spr2012/entries/quotation/}},
 year =	{2012},
 edition = {Spring 2012},
}

@inproceedings{cardelli99,
 title = {Wide Area Computation},
 author = {Luca Cardelli},
 editor = {Jiri Wiedermann and Peter van Emde Boas and Mogens Nielsen},
 booktitle = {Automata, Languagese and Programming, 26th International Colloquium, ICALP'99 Proceedings},
 series = {Lecture Notes in Computer Science},
 volume = {1644},
 publisher = {Springer},
 year = {1999},
 isbn = {3-540-66224-3},
 pages = {10--24}
}

@incollection{cardelli01,
 author = {Luca Cardelli and Andrew D. Gordon},
 title = {Mobile ambients},
 booktitle = {Formal methods for distributed processing: a survey of object-oriented approaches},
 editor = {Howard Bowman and John Derrick},
 year = {2001},
 isbn = {0-521-77184-6},
 pages = {198--229},
 publisher = {Cambridge University Press},
 address = {New York, NY, USA}
}

@misc{cardelli03,
 title = {Transitions in Programming Models},
 author = {Luca Cardelli},
 howpublished = {Microsoft Research presentation},
 year = {2003}
}

@misc{carette08,
 author = {Jacques Carette and Gordon Uszkay},
 title = {Species: making analytic functors practical for functional programming},
 year = {2008},
 howpublished = {http://www.cas.mcmaster.ca/\textasciitilde{}carette/species}
}

@phdthesis{carlsson98,
 author = {Magnus Carlsson and Thomas Hallgren},
 title = {Fudgets - Purely Functional Processes with applications to Graphical User Interfaces},
 school = {Chalmers University of Technology, G\"{o}teborg University},
 year = {1998},
 url = {http://www.cs.chalmers.se/\textasciitilde{}hallgren/Thesis/fudgets_thesis_color.ps.gz}
}

@inproceedings{cartwright91,
 author = {Robert Cartwright and Mike Fagan},
 title = {Soft typing},
 booktitle = {PLDI '91: Proceedings of the ACM SIGPLAN 1991 Conference on Programming Language Design and Implementation},
 year = {1991},
 isbn = {0-89791-428-7},
 pages = {278--292},
 location = {Toronto, Ontario, Canada},
 doi = {http://doi.acm.org/10.1145/113445.113469},
 publisher = {ACM Press},
 address = {New York, NY, USA},
}

@techreport{caspi00,
 author = {Paul Caspi and Marc Pouzet},
 title = {{Lucid Synchrone}, a functional extension of {Lustre}},
 institution = {Universit\'e Pierre et Marie Curie, Laboratoire LIP6},
 year = {2000}
}

@article{chang11,
 author = {Stephen Chang and John Clements and Eli Barzilay and Matthias Felleisen},
 title = {Stepping Lazy Programs (Pre-print)},
 journal = {Computing Research Repository (CoRR)},
 volume = {abs/1108.4706},
 year = {2011},
 ee = {http://arxiv.org/abs/1108.4706},
 bibsource = {DBLP, http://dblp.uni-trier.de}
}

@article{chawathe96,
 author = {Chawathe, Sudarshan S. and Rajaraman, Anand and Garcia-Molina, Hector and Widom, Jennifer},
 title = {Change detection in hierarchically structured information},
 journal = {SIGMOD Rec.},
 volume = {25},
 number = {2},
 year = {1996},
 issn = {0163-5808},
 pages = {493--504},
 doi = {http://doi.acm.org/10.1145/235968.233366},
 publisher = {ACM},
 address = {New York, NY, USA},
}

@article{cheda09,
 author = {Cheda, Diego and Silva, Josep},
 title = {State of the Practice in Algorithmic Debugging},
 journal = {Electronic Notes in Theoretical Computer Science (ENTCS)},
 issue_date = {August, 2009},
 volume = {246},
 month = aug,
 year = {2009},
 issn = {1571-0661},
 pages = {55--70},
 numpages = {16},
 url = {http://dx.doi.org/10.1016/j.entcs.2009.07.015},
 doi = {10.1016/j.entcs.2009.07.015},
 acmid = {1594636},
 publisher = {Elsevier Science Publishers B. V.},
 address = {Amsterdam, The Netherlands, The Netherlands},
 keywords = {Algorithmic Debugging, Debugging},
}

@inproceedings{chen11,
 author = {Chen, Yan and Dunfield, Joshua and Hammer, Matthew A. and Acar, Umut A.},
 title = {Implicit self-adjusting computation for purely functional programs},
 booktitle = {Proceedings of the 16th ACM SIGPLAN International Conference on Functional Programming},
 series = {ICFP '11},
 year = {2011},
 isbn = {978-1-4503-0865-6},
 location = {Tokyo, Japan},
 pages = {129--141},
 numpages = {13},
 url = {http://doi.acm.org/10.1145/2034773.2034792},
 doi = {10.1145/2034773.2034792},
 acmid = {2034792},
 publisher = {ACM},
 address = {New York, NY, USA},
 keywords = {self-adjusting computation},
}

@inproceedings{cheney07,
 author = {James Cheney and Amal Ahmed and Umut A. Acar},
 title = {Provenance as Dependency Analysis},
 booktitle = {DBPL},
 year = {2007},
 pages = {138-152},
 ee = {http://dx.OPTdoi.org/10.1007/978-3-540-75987-4_10},
 bibsource = {DBLP, http://dblp.uni-trier.de}
}

@article{cheney08,
 author = {James Cheney and Umut A. Acar and Amal Ahmed},
 title = {Provenance Traces},
 journal = {CoRR},
 volume = {abs/0812.0564},
 year = {2008},
 ee = {http://arxiv.org/abs/0812.0564},
 bibsource = {DBLP, http://dblp.uni-trier.de}
}

@inproceedings{cheney11,
 author = {Cheney, James},
 title = {A Formal Framework for Provenance Security},
 booktitle = {Proceedings of the 2011 IEEE 24th Computer Security Foundations Symposium},
 series = {CSF '11},
 year = {2011},
 isbn = {978-0-7695-4365-9},
 pages = {281--293},
 numpages = {13},
 url = {http://dx.doi.org/10.1109/CSF.2011.26},
 doi = {10.1109/CSF.2011.26},
 acmid = {2056569},
 publisher = {IEEE Computer Society},
 address = {Washington, DC, USA},
 keywords = {provenance, semantics, security},
}

@inproceeding{cheng93,
 author = {Jingde Cheng},
 title = {Slicing Concurrent Programs: A Graph-Theoretical Approach},
 booktitle = {Lecture Notes in Computer Science, Automated and Algorithmic Debugging},
 year = {1993},
 pages = {223--240},
 publisher = {Springer-Verlag}
}

@inproceedings{chitil01,
 author = {Chitil, Olaf and Runciman, Colin and Wallace, Malcolm},
 title = {{Freja}, {Hat} and {Hood} - A Comparative Evaluation of Three Systems for Tracing and Debugging Lazy Functional Programs},
 booktitle = {IFL '00: Selected Papers from the 12th International Workshop on Implementation of Functional Languages},
 year = {2001},
 isbn = {3-540-41919-5},
 pages = {176--193},
 publisher = {Springer-Verlag},
 address = {London, UK}
}

@inproceedings{chitil01b,
 author = {Olaf Chitil},
 title = {A Semantics for Tracing},
 month = {September},
 year = {2001},
 pages = {249--254},
 keywords = {},
 note = {},
 doi = {},
 url = {http://www.cs.kent.ac.uk/pubs/2001/1810},
 publication_type = {inproceedings},
 submission_id = {15836_1077221247},
 booktitle = {Draft Proceedings of the 13th International Workshop on Implementation of Functional Languages, IFL 2001},
 editor = {Thomas Arts and Markus Mohnen},
 address = {Sweden},
 organization = {Ericsson Computer Science Laboratory},
 refereed = {no},
}

@inproceedings{chitil05,
 author = {Olaf Chitil},
 title = {Source-based trace exploration},
 month = {March},
 year = {2005},
 pages = {126--141},
 keywords = {functional programming, Haskell, tracing, debugging},
 note = {},
 doi = {},
 url = {http://www.cs.kent.ac.uk/pubs/2005/2240},
 booktitle = {Implementation and Application of Functional Languages, 16th International Workshop, IFL 2004},
 editor = {Clemens Grelck and Frank Huch and Greg J. Michaelson and Phil Trinder},
 series = {LNCS 3474},
 publisher = {Springer}
}

@inproceedings{chitil06,
 author = {Olaf Chitil and Yong Luo},
 title = {Proving the Correctness of Algorithmic Debugging for Functional Programs},
 month = {April},
 year = {2006},
 month = {April},
 pages = {},
 keywords = {augmented redex trail},
 booktitle = {Pre-Proceedings of the Seventh Symposium on Trends in Functional Programming, TFP 2006},
 location = {Nottingham}
}

@article{chitil07,
 author = {Chitil, Olaf and Luo, Yong},
 title = {Structure and Properties of Traces for Functional Programs},
 journal = {Electronic Notes in Theoretical Computer Science},
 volume = {176},
 number = {1},
 year = {2007},
 issn = {1571-0661},
 pages = {39--63},
 doi = {http://dx.doi.org/10.1016/j.entcs.2006.10.032},
 publisher = {Elsevier Science Publishers B. V.},
 address = {Amsterdam, The Netherlands}
}

@inproceedings{cirillo08,
 author = {Cirillo, Andrew and Jagadeesan, Radha and Pitcher, Corin and Riely, James},
 title = {{TAPIDO}: trust and authorization via provenance and integrity in distributed objects},
 booktitle = {Proceedings of the Theory and Practice of Software, 17th European Conference on Programming Languages and Systems},
 series = {ESOP'08/ETAPS'08},
 year = {2008},
 isbn = {3-540-78738-0, 978-3-540-78738-9},
 location = {Budapest, Hungary},
 pages = {208--223},
 numpages = {16},
 url = {http://dl.acm.org/citation.cfm?id=1792878.1792901},
 acmid = {1792901},
 publisher = {Springer-Verlag},
 address = {Berlin, Heidelberg},
}

@inproceedings{clack97,
 author = {Chris Clack and Lee Braine},
 title = {Object-oriented functional spreadsheets},
 booktitle = {Proceedings of the 10th Glasgow Workshop on Functional Programming (GlaFP '97)},
 year = {1997}
}

@inproceedings{claessen03,
  author = {Koen Claessen and Colin Runciman and Olaf Chitil and John Hughes and Malcolm Wallace},
  title = {Testing and tracing lazy functional programs using {Quickcheck} and {Hat}},
  booktitle = {4th Summer School in Advanced Functional Programming},
  number = {2638},
  series = {LNCS},
  year = {2003},
  pages = {59--99},
  publisher = {Springer}
}

@inproceedings{clements01,
 author = {Clements, John and Flatt, Matthew and Felleisen, Matthias},
 title = {Modeling an Algebraic Stepper},
 booktitle = {Proceedings of the 10th European Symposium on Programming Languages and Systems},
 series = {ESOP '01},
 year = {2001},
 isbn = {3-540-41862-8},
 pages = {320--334},
 numpages = {15},
 url = {http://dl.acm.org/citation.cfm?id=645395.651947},
 acmid = {651947},
 publisher = {Springer-Verlag},
 address = {London, UK},
}

@inproceedings{clifton00,
 author = {Curtis Clifton and Gary T. Leavens and Craig Chambers and Todd Millstein},
 title = {MultiJava: modular open classes and symmetric multiple dispatch for Java},
 booktitle = {OOPSLA '00: Proceedings of the 15th ACM SIGPLAN Conference on Object-Oriented Programming, Systems, Languages, and Applications},
 year = {2000},
 isbn = {1-58113-200-X},
 pages = {130--145},
 location = {Minneapolis, Minnesota, United States},
 doi = {http://doi.acm.org/10.1145/353171.353181},
 publisher = {ACM},
 address = {New York, NY, USA},
 url = {http://citeseerx.ist.psu.edu/viewdoc/summary?doi=10.1.1.34.7341}
}

@inproceedings{colaço04,
 author = {Jean-Louis Cola\c{c}o and Alain Girault and Gr\'{e}goire Hamon and Marc Pouzet},
 title = {Towards a higher-order synchronous data-flow language},
 booktitle = {EMSOFT '04: Proceedings of the 4th ACM International Conference on Embedded Software},
 year = {2004},
 isbn = {1-58113-860-1},
 pages = {230--239},
 location = {Pisa, Italy},
 doi = {http://doi.acm.org/10.1145/1017753.1017792},
 publisher = {ACM},
 address = {New York, NY, USA}
}

@inproceedings{collet04,
 author = {Rapha\"{e}l Collet},
 title = {Laziness and Declarative Concurrency},
 booktitle = {2nd Workshop on Object-Oriented Language Engineering for the Post-Java Era: Back to Dynamicity, 18th European Conference on Object-Oriented Programming (ECOOP 2004)},
 address = {Oslo, Norway},
 month = {June},
 year = {2004}
}

@article{collins03,
 author = {Collins, Nick and McLean, Alex and Rohrhuber, Julian and Ward, Adrian},
 title = {Live coding in laptop performance},
 journal = {Organised Sound},
 issue_date = {December 2003},
 volume = {8},
 number = {3},
 month = dec,
 year = {2003},
 issn = {1355-7718},
 pages = {321--330},
 numpages = {10},
 url = {http://dx.doi.org/10.1017/S135577180300030X},
 doi = {10.1017/S135577180300030X},
 acmid = {987992},
 publisher = {Cambridge University Press},
 address = {New York, NY, USA},
}

@inproceedings{cooper06,
 author = {Cooper, Ezra and Lindley, Sam and Wadler, Philip and Yallop, Jeremy},
 title = {Links: web programming without tiers},
 booktitle = {Proceedings of the 5th International Conference on Formal methods for Components and Objects},
 series = {FMCO'06},
 year = {2007},
 isbn = {3-540-74791-5, 978-3-540-74791-8},
 location = {Amsterdam, The Netherlands},
 pages = {266--296},
 numpages = {31},
 acmid = {1777724},
 publisher = {Springer-Verlag},
 address = {Berlin, Heidelberg},
}

@inproceedings{cooper06b,
 author = {Cooper, Gregory H. and Krishnamurthi, Shriram},
 title = {Embedding dynamic dataflow in a call-by-value language},
 booktitle = {Proceedings of the 15th European Conference on Programming Languages and Systems},
 series = {ESOP'06},
 year = {2006},
 isbn = {3-540-33095-X, 978-3-540-33095-0},
 location = {Vienna, Austria},
 pages = {294--308},
 numpages = {15},
 doi = {10.1007/11693024_20},
 acmid = {2182152},
 publisher = {Springer-Verlag},
 address = {Berlin, Heidelberg},
}

@inproceedings{courtney01,
 author = {Antony Courtney and Conal Elliott},
 title = {Genuinely Functional User Interfaces},
 booktitle = {2001 Haskell Workshop},
 year = {2001},
 month = {September},
}

@inproceedings{courtney03,
 author = {Antony Courtney and Henrik Nilsson and John Peterson},
 title = {The {Yampa} arcade},
 booktitle = {Haskell '03: Proceedings of the 2003 ACM SIGPLAN Workshop on Haskell},
 year = {2003},
 isbn = {1-58113-758-3},
 pages = {7--18},
 location = {Uppsala, Sweden},
 doi = {http://doi.acm.org/10.1145/871895.871897},
 publisher = {ACM},
 address = {New York, NY, USA}
}

@inproceedings{cousot97,
 author = {Patrick Cousot},
 title = {Types as abstract interpretations},
 booktitle = {POPL '97: Proceedings of the 24th ACM SIGPLAN-SIGACT Symposium on Principles of Programming Languages},
 year = {1997},
 isbn = {0-89791-853-3},
 pages = {316--331},
 location = {Paris, France},
 doi = {http://doi.acm.org/10.1145/263699.263744},
 publisher = {ACM Press},
 address = {New York, NY, USA},
}

@article{creeger05,
 title = {Multicore {CPUs} for the Masses},
 journal = {ACM Queue},
 volume = {3},
 number = {7},
 month = {September},
 year = {2005},
 author = {Mache Creeger},
 publisher = {ACM Press},
 address = {New York, NY, USA}
}

@inproceedings{cristescu13,
 author = {Ioana Domnina Cristescu and Jean Krivine and Daniele Varacca},
 title = {A compositional semantics for the reversible pi-calculus},
 booktitle = {Proceedings of Twenty-Eighth Annual ACM/IEEE Symposium on Logic in Computer Science (LICS 2013)},
 month = {June},
 year = {2013},
 location = {New Orleans, USA}
}

% -------------------------------------------------------------------------------
%                D
% -------------------------------------------------------------------------------

@inproceedings{danos04,
 author = {Vincent Danos and Sylvain Pradalier and Université Paris and Ens Cachan},
 title = {Projective brane calculus},
 booktitle = {Proceedings of Computational Methods in System Biology 2004 (CMSB 2004)},
 series = {Lecture Notes in Computer Science},
 volume = {3082},
 year = {2004},
 pages = {134--148},
 publisher = {Springer}
}

@incollection{danos04a,
 year={2004},
 isbn={978-3-540-22940-7},
 booktitle={CONCUR 2004 - Concurrency Theory},
 volume={3170},
 series={Lecture Notes in Computer Science},
 editor={Gardner, Philippa and Yoshida, Nobuko},
 doi={10.1007/978-3-540-28644-8_19},
 title={Reversible Communicating Systems},
 url={http://dx.doi.org/10.1007/978-3-540-28644-8_19},
 publisher={Springer Berlin Heidelberg},
 author={Danos, Vincent and Krivine, Jean},
 pages={292-307}
}

@phdthesis{daSilva91,
 author = {Fabio Q.B. da Silva},
 title = {Correctness Proofs of Compilers and Debuggers: an Approach Based on Structured Operational Semantics},
 school = {University of Edinburgh},
 address = {Edinburgh, Scotland},
 year = {1991}
}

@inproceedings{davidson08,
 author = {Davidson, Susan B. and Freire, Juliana},
 title = {Provenance and scientific workflows: challenges and opportunities},
 booktitle = {Proceedings of the 2008 ACM SIGMOD International Conference on Management of Data},
 series = {SIGMOD '08},
 year = {2008},
 isbn = {978-1-60558-102-6},
 location = {Vancouver, Canada},
 pages = {1345--1350},
 numpages = {6},
 url = {http://doi.acm.org/10.1145/1376616.1376772},
 doi = {10.1145/1376616.1376772},
 acmid = {1376772},
 publisher = {ACM},
 address = {New York, NY, USA},
 keywords = {provenance, scientific workflows},
}

@inproceedings{davies96,
 author = {Rowan Davies and Frank Pfenning},
 title = {A modal analysis of staged computation},
 booktitle = {POPL '96: Proceedings of the 23rd ACM SIGPLAN-SIGACT Symposium on Principles of Programming Languages},
 year = {1996},
 isbn = {0-89791-769-3},
 pages = {258--270},
 location = {St. Petersburg Beach, Florida, USA},
 doi = {http://doi.acm.org/10.1145/237721.237788},
 publisher = {ACM Press},
 address = {New York, NY, USA},
}

@article{dean08,
 author = {Jeffrey Dean and Sanjay Ghemawat},
 title = {{MapReduce}: simplified data processing on large clusters},
 journal = {Communications of the ACM},
 volume = {51},
 number = {1},
 year = {2008},
 issn = {0001-0782},
 pages = {107--113},
 doi = {http://doi.acm.org/10.1145/1327452.1327492},
 publisher = {ACM},
 address = {New York, NY, USA}
}

@article{debruijn72,
 author = {N.G. de Bruijn},
 title = {Lambda-Calculus Notation with Nameless Dummies: a Tool for Automatic Formula Manipulation with Application to the {Church}-{Rosser} Theorem},
 journal = {Indagationes Mathematicae},
 volume = {34},
 number = {5},
 year = {1972},
 pages = {381--392}
}

@inproceedings{deelen07,
 title = {Visualization of Dynamic Program Aspects},
 author = {Deelen, P. and van Ham, F. and Cornells Huizing and van de Watering, H.},
 booktitle = {4th IEEE International Workshop on Visualizing Software for Understanding and Analysis. VISSOFT 2007},
 year = {2007},
 month = {June},
 pages = {39--46}
}

@article{dehoon95,
 author = {Walter A. C. A. J. de Hoon and Luc M. W. J. Rutten and Marko C. J. D. van Eekelen},
 title = {Implementing a functional spreadsheet in {Clean}},
 journal = {Journal of Functional Programming},
 year = {1995},
 volume = {5},
 pages = {383--414},
 publisher = {Cambridge University Press}
}

@inproceedings{demaine04,
 author = {Erik D. Demaine and John Iacono and Stefan Langerman},
 title = {Retroactive data structures},
 booktitle = {SODA '04: Proceedings of the Fifteenth Annual ACM-SIAM Symposium on Discrete Algorithms},
 year = {2004},
 isbn = {0-89871-558-X},
 pages = {281--290},
 location = {New Orleans, Louisiana},
 publisher = {Society for Industrial and Applied Mathematics},
 address = {Philadelphia, PA, USA},
}

@inproceedings{demers81,
 author = {Alan Demers and Thomas Reps and Tim Teitelbaum},
 title = {Incremental Evaluation of Attribute Grammars with Application to Syntax-Directed Editors},
 booktitle = {Conference Record of the Thirteenth Annual ACM Symposium on Principles of Programming Languages},
 year = {1981},
 organization = {ACM},
 pages = {105--116}
}

@inproceedings{desmond06,
 author = {Michael Desmond and Margaret-Anne Storey and Chris Exton},
 title = {Fluid Source Code Views for {Just In-Time} Comprehension},
 booktitle = {SPLAT 2006: Software Engineering Properties of Languages and Aspect Technologies},
 location = {Bonn, Germany},
 year = {2006}
}

@article{disessa86,
 author = {diSessa, A. A and Abelson, H.},
 title = {Boxer: a reconstructible computational medium},
 journal = {Commun. ACM},
 issue_date = {Sept. 1986},
 volume = {29},
 number = {9},
 month = sep,
 year = {1986},
 issn = {0001-0782},
 pages = {859--868},
 numpages = {10},
 url = {http://doi.acm.org/10.1145/6592.6595},
 doi = {10.1145/6592.6595},
 acmid = {6595},
 publisher = {ACM},
 address = {New York, NY, USA},
}

@inproceedings{dmitriev01,
 author = {M. Dmitriev},
 title = {Towards flexible and safe technology for runtime evolution of {Java} language applications},
 booktitle = {Proceedings of the Workshop on Engineering Complex Object-Oriented Systems for Evolution, in association with OOPSLA 2001 International Conference},
 year = {2001}
}

@inproceedings{dolle07,
 author = {Bastian D\"{o}lle and Walter Dosch},
 title = {From Signatures of Algebraic Specifications to Collections of Object-Oriented Class Signatures},
 booktitle = {ICSEA '07: Proceedings of the International Conference on Software Engineering Advances},
 year = {2007},
 isbn = {0-7695-2937-2},
 pages = {3},
 doi = {http://dx.doi.org/10.1109/ICSEA.2007.34},
 publisher = {IEEE Computer Society},
 address = {Washington, DC, USA}
}

@techreport{donzeau80,
  title={Programming environments based on structured editors: the {MENTOR} experience},
  author={Donzeau-Gouge, Veronique and Huet, Gerard and Lang, Bernard and Kahn, Gilles and others},
  year={1980},
  number = {26},
  institution = {INRIA}
}

@incollection{douven11,
 author = {Douven, Igor},
 title = {Abduction},
 booktitle = {The Stanford Encyclopedia of Philosophy},
 editor = {Edward N. Zalta},
 howpublished =	{\url{http://plato.stanford.edu/archives/spr2011/entries/abduction/}},
 year =	{2011},
 edition = {Spring 2011},
}

@inproceedings{driscoll86,
 author = {J. R. Driscoll and N. Sarnak and D. D. Sleator and R. E. Tarjan},
 title = {Making data structures persistent},
 booktitle = {STOC '86: Proceedings of the Eighteenth Annual ACM Symposium on Theory of Computing},
 year = {1986},
 isbn = {0-89791-193-8},
 pages = {109--121},
 location = {Berkeley, California, USA},
 doi = {http://doi.acm.org/10.1145/12130.12142},
 publisher = {ACM Press},
 address = {New York, NY, USA},
}

@inproceedings{du88,
 author = {W. Du and William W. Wadge},
 title = {An intentional language as the basis of a 3-{D} spreadsheet design},
 booktitle = {Proceedings of the 1998 International Conference on Computer Languages},
 year = {1988},
 month = {October},
 pages = {2--9},
 publisher = {IEEE Press},
 address = {Piscataway, NJ, USA}
}

@inproceedings{duesterwald92,
 author = {Duesterwald, Evelyn and Gupta, Rajiv and Soffa, Mary Lou},
 title = {Distributed Slicing and Partial Re-execution for Distributed Programs},
 booktitle = {Proceedings of the 5th International Workshop on Languages and Compilers for Parallel Computing},
 year = {1993},
 isbn = {3-540-57502-2},
 pages = {497--511},
 numpages = {15},
 url = {http://dl.acm.org/citation.cfm?id=645670.665224},
 acmid = {665224},
 publisher = {Springer-Verlag},
 address = {London, UK},
}

% -------------------------------------------------------------------------------
%                E
% -------------------------------------------------------------------------------

@article{edwards04,
 author = {Jonathan Edwards},
 title = {Example centric programming},
 journal = {SIGPLAN Notices},
 volume = {39},
 number = {12},
 year = {2004},
 issn = {0362-1340},
 pages = {84--91},
 doi = {http://doi.acm.org/10.1145/1052883.1052894},
 publisher = {ACM},
 address = {New York, NY, USA}
}

@inproceedings{edwards05,
 author = {Jonathan Edwards},
 title = {Subtext: uncovering the simplicity of programming},
 booktitle = {OOPSLA '05: Proceedings of the 20th Annual ACM SIGPLAN Conference on Object-Oriented Programming, Systems, Languages, and Applications},
 year = {2005},
 isbn = {1-59593-031-0},
 pages = {505--518},
 location = {San Diego, CA, USA},
 doi = {http://doi.acm.org/10.1145/1094811.1094851},
 publisher = {ACM Press},
 address = {New York, NY, USA},
}

@techreport{edwards06,
 author = {Jonathan Edwards},
 title = {First Class Copy \& Paste},
 number = {MIT-CSAIL-TR-2006-037},
 institution = {Computer Science and Artificial Intelligence Laboratory, MIT},
 year = {2006}
}

@inproceedings{edwards07,
 author = {Jonathan Edwards},
 title = {No ifs, ands, or buts: uncovering the simplicity of conditionals},
 booktitle = {OOPSLA '07: Proceedings of the 22nd Annual ACM SIGPLAN Conference on Object-Oriented Programming, Systems, Languages, and Applications},
 year = {2007},
 isbn = {978-1-59593-786-5},
 pages = {639--658},
 location = {Montreal, Quebec, Canada},
 doi = {http://doi.acm.org/10.1145/1297027.1297075},
 publisher = {ACM},
 address = {New York, NY, USA}
}

@techreport{edwards08,
 author = {Jonathan Edwards},
 title = {Modular Generation and Customization},
 number = {MIT-CSAIL-TR-2008-061},
 institution = {Computer Science and Artificial Intelligence Laboratory, MIT},
 year = {2008}
}

@incollection {eijiro02,
 author = {Sumii, Eijiro and Bannai, Hideo},
 affiliation = {University of Tokyo Department of Computer Science Graduate School of Information Science and Technology Tokyo},
 title = {{VM$\lambda$}: A Functional Calculus for Scientific Discovery},
 booktitle = {Functional and Logic Programming},
 series = {Lecture Notes in Computer Science},
 editor = {Hu, Zhenjiang and Rodríguez-Artalejo, Mario},
 publisher = {Springer},
 address = {Berlin / Heidelberg},
 isbn = {978-3-540-44233-2},
 keyword = {Computer Science},
 pages = {290-304},
 volume = {2441},
 url = {http://dx.doi.org/10.1007/3-540-45788-7_18},
 year = {2002}
}

@inproceedings{elliott97,
 author = {Conal Elliott and Paul Hudak},
 title = {Functional reactive animation},
 booktitle = {ICFP '97: Proceedings of the Second ACM SIGPLAN International Conference on Functional programming},
 year = {1997},
 isbn = {0-89791-918-1},
 pages = {263--273},
 location = {Amsterdam, The Netherlands},
 doi = {http://doi.acm.org/10.1145/258948.258973},
 publisher = {ACM},
 address = {New York, NY, USA}
}

@inproceedings{elliott98,
 author = {Conal Elliott},
 title = {Functional implementations of continuous modeled animation},
 booktitle = {Proceedings of PLILP/ALP '98},
 year = {1998},
 publisher = {Springer-Verlag}
}

@article{elliott07,
 author = {Conal M. Elliott},
 title = {Tangible functional programming},
 journal = {SIGPLAN Notices},
 volume = {42},
 number = {9},
 year = {2007},
 issn = {0362-1340},
 pages = {59--70},
 doi = {http://doi.acm.org/10.1145/1291220.1291163},
 publisher = {ACM},
 address = {New York, NY, USA}
}

@misc{elliott08,
 title = {Simply efficient functional reactivity},
 author = {Conal Elliott},
 howpublished = {http://conal.net/papers/simply-reactive},
 year = {2008}
}

% -------------------------------------------------------------------------------
%                F
% -------------------------------------------------------------------------------

@article{fairtlough97,
 author = {Matt Fairtlough and Michael Mendler},
 title = {Propositional Lax Logic},
 journal = {Information and Computation},
 volume = {137},
 number = {1},
 pages = {1-33},
 year = {1997},
 url = {citeseer.ist.psu.edu/fairtlough97propositional.html}
}

@incollection{faustini87,
 author = {A. A. Faustini and W. W. Wadge},
 title = {Intensional programming},
 editor = {J. C. Boudreaux and B. W. Hamill and R. Jernigan},
 booktitle = {The Role of Languages in Problem Solving},
 volume = {2},
 publisher = {Elsevier Science Publishers B.V. (North-Holland)},
 address = {Amsterdam, Holland},
 year = {1987}
}

@inproceedings{feiler97,
 author = {Peter H. Feiler and Walter F. Tichy},
 title = {Propagator: A Family of Patterns},
 booktitle = {TOOLS '97: Proceedings of the Tools-23: Technology of Object-Oriented Languages and Systems},
 year = {1997},
 isbn = {0-8186-8383-X},
 pages = {355},
 publisher = {IEEE Computer Society},
 address = {Washington, DC, USA},
}

@article{felleisen98,
 author = {Felleisen, Mattias and Findler, R. B. and Flatt, M. and Krishnamurthi, S.},
 title = {The {DrScheme} project: an overview},
 journal = {SIGPLAN Notices},
 volume = {33},
 number = {6},
 year = {1998},
 issn = {0362-1340},
 pages = {17--23},
 doi = {http://doi.acm.org/10.1145/284563.284566},
 publisher = {ACM},
 address = {New York, NY, USA}
}

@article{ficco11,
 author = {Ficco, Massimo and Pietrantuono, Roberto and Russo, Stefano},
 title = {Bug localization in test-driven development},
 journal = {Adv. Soft. Eng.},
 issue_date = {January 2011},
 volume = {2011},
 month = jan,
 year = {2011},
 issn = {1687-8655},
 pages = {2:1--2:18},
 articleno = {2},
 numpages = {18},
 url = {http://dx.doi.org/10.1155/2011/492757},
 doi = {10.1155/2011/492757},
 acmid = {2043292},
 publisher = {Hindawi Publishing Corp.},
 address = {New York, NY, United States},
}

@inproceedings{field90,
 author = {John Field and Tim Teitelbaum},
 title = {Incremental reduction in the lambda calculus},
 booktitle = {LFP '90: Proceedings of the 1990 ACM conference on LISP and functional programming},
 year = {1990},
 isbn = {0-89791-368-X},
 pages = {307--322},
 location = {Nice, France},
 doi = {http://doi.acm.org/10.1145/91556.91679},
 publisher = {ACM Press},
 address = {New York, NY, USA},
}

@article{field98,
 author = {John Field and Frank Tip},
 title = {Dynamic Dependence in Term Rewriting Systems and its Application to Program Slicing},
 journal = {Information and Software Technology},
 year = 1998,
 volume = 40,
 number = {11--12},
 pages = {609--636},
 month = {November/December}
}

@inproceedings{filinski94,
 author = {Andrzej Filinski},
 title = {Representing monads},
 booktitle = {POPL '94: Proceedings of the 21st ACM SIGPLAN-SIGACT Symposium on Principles of Programming Languages},
 year = {1994},
 isbn = {0-89791-636-0},
 pages = {446--457},
 location = {Portland, Oregon, USA},
 doi = {http://doi.acm.org/10.1145/174675.178047},
 publisher = {ACM Press},
 address = {New York, NY, USA},
}

@phdthesis{filinski96,
 author = {Andrzej Filinski},
 title = {Controlling Effects},
 school = {Department of Computer Science, Carnegie-Mellon University},
 address = {Pittsburgh, Pennsylvania, USA},
 year = {1996},
}

@inproceedings{filliatre06,
 author = {Jean-Christophe Filli\^atre and Sylvain Conchon},
 title = {Type-safe modular hash-consing},
 booktitle = {ML '06: Proceedings of the 2006 workshop on ML},
 year = {2006},
 isbn = {1-59593-483-9},
 pages = {12--19},
 location = {Portland, Oregon, USA},
 doi = {http://doi.acm.org/10.1145/1159876.1159880},
 publisher = {ACM Press},
 address = {New York, NY, USA},
}

@inproceedings{finne96,
 author = {Sigbjorn Finne and Simon L. Peyton Jones},
 title = {Composing the User Interface with {Haggis}},
 booktitle = {Advanced Functional Programming, Second International School-Tutorial Text},
 year = {1996},
 isbn = {3-540-61628-4},
 pages = {1--37},
 publisher = {Springer-Verlag},
 address = {London, UK},
}

@inproceedings{flatt09,
 author = {Matthew Flatt and Eli Barzilay},
 title = {Keyword and optional arguments in {PLT Scheme}},
 booktitle = {Proceedings of the Tenth Workshop on Scheme and Functional Programming},
 year = {2009}
}

@inproceedings{foster05,
 author = {J. Nathan Foster and Michael B. Greenwald and Jonathan T. Moore and Benjamin C. Pierce and Alan Schmitt},
 title = {Combinators for bi-directional tree transformations: a linguistic approach to the view update problem},
 booktitle = {POPL '05: Proceedings of the 32nd ACM SIGPLAN-SIGACT Symposium on Principles of Programming Languages},
 year = {2005},
 isbn = {1-58113-830-X},
 pages = {233--246},
 location = {Long Beach, California, USA},
 doi = {http://doi.acm.org/10.1145/1040305.1040325},
 publisher = {ACM Press},
 address = {New York, NY, USA},
}

@inproceedings{foster08,
 author = {J. Nathan Foster and Alexandre Pilkiewcz and Benjamin C. Pierce},
 title = {Quotient Lenses},
 booktitle = {{ACM SIGPLAN} International Conference on Functional Programming ({ICFP})},
 location = {Victoria, British Columbia},
 year = {2008},
 publisher = {ACM Press},
 address = {New York, NY, USA}
}

@inproceedings{foster08b,
 author = {Foster, J. Nathan and Green, Todd J. and Tannen, Val},
 title = {Annotated {XML}: queries and provenance},
 booktitle = {Proceedings of the Twenty-Seventh ACM SIGMOD-SIGACT-SIGART Symposium on Principles of Database Systems},
 series = {PODS '08},
 year = {2008},
 isbn = {978-1-60558-152-1},
 location = {Vancouver, Canada},
 pages = {271--280},
 numpages = {10},
 url = {http://doi.acm.org/10.1145/1376916.1376954},
 doi = {10.1145/1376916.1376954},
 acmid = {1376954},
 publisher = {ACM},
 address = {New York, NY, USA},
 keywords = {complex values, data provenance, semirings, xml, xquery},
}

@inproceedings{fournet02,
 author = {C\'edric Fournet and Georges Gonthier},
 title = {The Join Calculus: A Language for Distributed Mobile Programming},
 series = {Lecture Notes in Computer Science},
 publisher = {Springer},
 address = {Berlin / Heidelberg},
 volume = {2395/2002},
 booktitle = {Applied Semantics: Advanced Lectures},
 year = {2002},
 pages = {268--332}
}

@book{fowler99,
 address = {Boston, MA, USA},
 author = {Fowler, Martin},
 publisher = {Addison-Wesley},
 title = {Refactoring: Improving the Design of Existing Code},
 year = {1999}
}

@article{fritzson92,
 author = {Fritzson, Peter and Shahmehri, Nahid and Kamkar, Mariam and Gyimothy, Tibor},
 title = {Generalized algorithmic debugging and testing},
 journal = {ACM Lett. Program. Lang. Syst.},
 issue_date = {Dec. 1992},
 volume = {1},
 number = {4},
 month = dec,
 year = {1992},
 issn = {1057-4514},
 pages = {303--322},
 numpages = {20},
 url = {http://doi.acm.org/10.1145/161494.161498},
 doi = {10.1145/161494.161498},
 acmid = {161498},
 publisher = {ACM},
 address = {New York, NY, USA},
 keywords = {algorithmic debugging, automated debugging, category partition testing, program slicing},
}

@article{fritzson94,
title = "Using assertions in declarative and operational models for automated debugging",
journal = "Journal of Systems and Software",
volume = "25",
number = "3",
pages = "223 - 239",
year = "1994",
note = "",
issn = "0164-1212",
doi = "10.1016/0164-1212(94)90032-9",
url = "http://www.sciencedirect.com/science/article/pii/0164121294900329",
author = "Peter Fritzson and Mikhail Auguston and Nahid Shahmehri"
}

% -------------------------------------------------------------------------------
%                G
% -------------------------------------------------------------------------------

@book{gamma95,
 title = {Design Patterns: Elements of Reusable Object-Oriented Software},
 series = {Addison-Wesley Professional Computing Series},
 author = {Erich Gamma and Richard Helm and Ralph Johnson and John Vlissides},
 publisher = {Addison-Wesley},
 year = {1995},
 address = {Boston, MA, USA}
}

@article{garcia14,
 author = {Garcia, Ronald and Tanter, \'{E}ric and Wolff, Roger and Aldrich, Jonathan},
 title = {Foundations of Typestate-Oriented Programming},
 journal = {ACM Trans. Program. Lang. Syst.},
 issue_date = {October 2014},
 volume = {36},
 number = {4},
 month = oct,
 year = {2014},
 issn = {0164-0925},
 pages = {12:1--12:44},
 articleno = {12},
 numpages = {44},
 url = {http://doi.acm.org/10.1145/2629609},
 doi = {10.1145/2629609},
 acmid = {2629609},
 publisher = {ACM},
 address = {New York, NY, USA},
 keywords = {Access permissions, gradual typing, types, typestates},
}

@misc{garrett05,
 author = {Jesse James Garrett},
 title = {Ajax: A New Approach to Web Applications},
 year = {2005},
 howpublished = {http://www.adaptivepath.com/publications/essays/archives/000385.php}
}

@inproceedings{gay10,
 author = {Gay, Simon J. and Vasconcelos, Vasco T. and Ravara, Ant\'{o}nio and Gesbert, Nils and Caldeira, Alexandre Z.},
 title = {Modular Session Types for Distributed Object-oriented Programming},
 booktitle = {Proceedings of the 37th Annual ACM SIGPLAN-SIGACT Symposium on Principles of Programming Languages},
 series = {POPL '10},
 year = {2010},
 isbn = {978-1-60558-479-9},
 location = {Madrid, Spain},
 pages = {299--312},
 numpages = {14},
 url = {http://doi.acm.org/10.1145/1706299.1706335},
 doi = {10.1145/1706299.1706335},
 acmid = {1706335},
 publisher = {ACM},
 address = {New York, NY, USA},
 keywords = {non-uniform method availability, object-oriented calculus, session types, typestates},
}

@inproceedings{george00,
 author = {George, Carlisle E.},
 title = {{EROSI} -- visualising recursion and discovering new errors},
 booktitle = {Proceedings of the Thirty-First SIGCSE Technical Symposium on Computer Science Education},
 series = {SIGCSE '00},
 year = {2000},
 isbn = {1-58113-213-1},
 location = {Austin, Texas, United States},
 pages = {305--309},
 numpages = {5},
 doi = {10.1145/330908.331875},
 acmid = {331875},
 publisher = {ACM},
 address = {New York, NY, USA},
}

@book{gibbons05,
 title = {Fun of Programming},
 series = {Cornerstones of Computing},
 editor = {Jeremy Gibbons and Oege de Moor},
 publisher = {Palgrave Macmillan},
 address = {Basingstoke},
 year = {2005}
}

@inproceedings{giffhorn07,
 title = {An Evaluation of Slicing Algorithms for Concurrent Programs},
 booktitle = {7th IEEE Working Conference on Source Code Analysis and Manipulation (SCAM 2007)},
 year = {2007},
 month = sep,
 publisher = {IEEE},
 pages = {17--26},
 author = {Dennis Giffhorn and Christian Hammer},
 address = {Maison Internationale, Paris},
 doi = {10.1109/SCAM.2007.9},
}

@article{giraud-carrier94,
 author = {Christophe G. Giraud-Carrier},
 title = {A Reconfigurable Data Flow Machine for Implementing Functional Programming Languages},
 journal = {SIGPLAN Notices},
 volume = {29},
 number = {9},
 year = {1994},
 pages = {22--28},
 publisher = {ACM Press},
 address = {New York, NY, USA},
 url = {http://doi.acm.org/10.1145/185009.185014}
}

@inproceedings{goguen82,
 author = {Joseph Goguen and Jos\'e Meseguer},
 title = {Security policies and security models},
 booktitle = {Proceedings of the 1982 IEEE Symposium on Security and Privacy},
 pages = {11-20},
 publisher = {IEEE Computer Society Press},
 year = {1982}
}

@book{goldberg83,
 title={{Smalltalk-80}: the language and its implementation},
 author={Adele Goldberg and David Robson},
 year={1983},
 publisher={Addison-Wesley Longman Publishing Company, Inc.},
 address = {Boston, MA, USA}
}

@book{goldin06,
 title = {Interactive Computation: The New Paradigm},
 editor = {Dina Goldin and Scott A. Smolka and Peter Wegner},
 publisher = {Springer},
 address = {New York, NY, USA},
 year = {2006}
}

@article{gordon98,
 title={A concurrent object calculus: Reduction and typing},
 author={Gordon, Andrew D and Hankin, Paul D},
 journal={Electronic Notes in Theoretical Computer Science},
 volume={16},
 number={3},
 pages={248--264},
 year={1998},
 publisher={Elsevier}
}

@incollection{goswami00,
 year = {2000},
 isbn = {978-3-540-41429-2},
 booktitle = {High Performance Computing -- HiPC 2000},
 volume = {1970},
 series = {Lecture Notes in Computer Science},
 editor = {Valero, Mateo and Prasanna, ViktorK. and Vajapeyam, Sriram},
 doi = {10.1007/3-540-44467-X_2},
 title = {Dynamic Slicing of Concurrent Programs},
 url = {http://dx.doi.org/10.1007/3-540-44467-X_2},
 publisher = {Springer},
 address = {Berlin / Heidelberg},
 author = {Goswami, D. and Mall, R.},
 pages = {15-26},
 language = {English}
}

@inproceedings{graham94,
 author = {Susan L. Graham},
 title = {Languages and interactive software development},
 booktitle = {In Programming Languages and System Architectures},
 volume = {782},
 series = {Lecture Notes in Computer Science},
 pages = {21--34},
 publisher = {Springer-Verlag},
 year = {1994}
}

@book{graham94a,
 author = {Paul Graham},
 title = {On {Lisp}},
 publisher = {Prentice-Hall},
 year = {1994}
}

@incollection{grammel10,
 author = {Grammel, Lars and Storey, Margaret-Anne},
 title = {A survey of mashup development environments},
 booktitle = {The Smart Internet},
 editor = {Chignell, Mark and Cordy, James and Ng, Joanna and Yesha, Yelena},
 year = {2010},
 isbn = {3-642-16598-2, 978-3-642-16598-6},
 pages = {137--151},
 numpages = {15},
 url = {http://dl.acm.org/citation.cfm?id=1980659.1980671},
 acmid = {1980671},
 publisher = {Springer-Verlag},
 address = {Berlin, Heidelberg},
 keywords = {end user development, end user programming, mashup, mashup development environment, smart interactions, smart internet, survey, web 2.0},
}

@inproceedings{green07,
 author = {Green, Todd J. and Karvounarakis, Grigoris and Tannen, Val},
 title = {Provenance semirings},
 booktitle = {Proceedings of the Twenty-Sixth ACM SIGMOD-SIGACT-SIGART Symposium on Principles of Database Systems},
 series = {PODS '07},
 year = {2007},
 isbn = {978-1-59593-685-1},
 location = {Beijing, China},
 pages = {31--40},
 numpages = {10},
 url = {http://doi.acm.org/10.1145/1265530.1265535},
 doi = {10.1145/1265530.1265535},
 acmid = {1265535},
 publisher = {ACM},
 address = {New York, NY, USA},
 keywords = {data lineage, data provenance, datalog, formal power series, incomplete databases, probabilistic databases, semirings},
}

% -------------------------------------------------------------------------------
%                H
% -------------------------------------------------------------------------------

@article{haerder83,
 author = {Haerder, Theo and Reuter, Andreas},
 title = {Principles of transaction-oriented database recovery},
 journal = {ACM Computing Surveys (CSUR)},
 issue_date = {December 1983},
 volume = {15},
 number = {4},
 month = dec,
 year = {1983},
 issn = {0360-0300},
 pages = {287--317},
 numpages = {31},
 url = {http://doi.acm.org/10.1145/289.291},
 doi = {10.1145/289.291},
 acmid = {291},
 publisher = {ACM},
 address = {New York, NY, USA},
}

@phdthesis{halbert84,
 author = {Halbert, Daniel Conrad},
 title = {Programming by example},
 year = {1984},
 school = {University of California, Berkeley},
}

@article{halbwachs91,
 author = {N. Halbwachs and P. Caspi and P. Raymond and D. Pilaud},
 title = {The synchronous data-flow programming language {LUSTRE}},
 journal = {Proceedings of the IEEE},
 volume = {79},
 number = {9},
 month = {September},
 pages = {1305--1320},
 year = {1991},
 url = {citeseer.ist.psu.edu/halbwachs91synchronous.html}
}

@phdthesis{hancock03,
 author = {Hancock, Christopher Michael},
 title = {Real-time programming and the big ideas of computational literacy},
 year = {2003},
 school = {Massachusetts Institute of Technology},
}

@inproceedings{hanna02,
 author = {Keith Hanna},
 title = {Interactive visual functional programming},
 booktitle = {ICFP '02: Proceedings of the Seventh ACM SIGPLAN International Conference on Functional Programming},
 year = {2002},
 isbn = {1-58113-487-8},
 pages = {145--156},
 location = {Pittsburgh, PA, USA},
 doi = {http://doi.acm.org/10.1145/581478.581493},
 publisher = {ACM Press},
 address = {New York, NY, USA},
}

@inproceedings{hanna06,
 author = {Keith Hanna},
 title = {A Document-Centered Environment for {Haskell}},
 series = {Lecture Notes in Computer Science},
 publisher = {Springer},
 address = {Berlin / Heidelberg},
 volume = {4015},
 booktitle = {Implementation and Application of Functional Languages},
 year = {2006},
 pages = {196--211}
}

@article{hanus94,
 author = {Michael Hanus},
 title = {The Integration of Functions into Logic Programming: From Theory to Practice},
 journal = {Journal of Logic Programming},
 volume = {19 \& 20},
 pages = {583-628},
 year = {1994},
 publisher = {Elsevier Science},
 address = {New York, NY, USA}
}

@inproceedings{harris05,
 author = {Tim Harris and Simon Marlow and Simon Peyton-Jones and Maurice Herlihy},
 title = {Composable memory transactions},
 booktitle = {PPoPP '05: Proceedings of the Tenth ACM SIGPLAN Symposium on Principles and Practice of Parallel Programming},
 year = {2005},
 isbn = {1-59593-080-9},
 pages = {48--60},
 location = {Chicago, IL, USA},
 doi = {http://doi.acm.org/10.1145/1065944.1065952},
 publisher = {ACM Press},
 address = {New York, NY, USA},
}

@inproceedings{hartline02,
 author = {Jason D. Hartline and Edwin S. Hong and Alexander E. Modht and William R. Pentney and Emily C. Rocke},
 title = {Characterizing history independent data structures},
 booktitle = {Proceedings of Thirteenth International Symposium on Algorithms and Computation (ISAAC)},
 volume = {2518},
 series = {Lecture Notes in Computer Science},
 publisher = {Springer},
 year = {2002}
}

@article{hartmann08,
 author = {Hartmann, Bj\"{o}rn and Doorley, Scott and Klemmer, Scott R.},
 title = {Hacking, Mashing, Gluing: Understanding Opportunistic Design},
 journal = {IEEE Pervasive Computing},
 issue_date = {July 2008},
 volume = {7},
 number = {3},
 month = jul,
 year = {2008},
 issn = {1536-1268},
 pages = {46--54},
 numpages = {9},
 url = {http://dx.doi.org/10.1109/MPRV.2008.54},
 doi = {10.1109/MPRV.2008.54},
 acmid = {1449424},
 publisher = {IEEE Educational Activities Department},
 address = {Piscataway, NJ, USA},
 keywords = {hardware hacking, mashups, opportunistic design, opportunistic design, hardware hacking, ubiquitous computing, mashups, ubiquitous computing},
}

@inproceedings{henderson85,
 author = {Henderson, Peter and Weiser, Mark},
 title = {Continuous execution: the {VisiProg} environment},
 booktitle = {Proceedings of the 8th International Conference on Software Engineering},
 series = {ICSE '85},
 year = {1985},
 isbn = {0-8186-0620-7},
 location = {London, England},
 pages = {68--74},
 numpages = {7},
 url = {http://dl.acm.org/citation.cfm?id=319568.319582},
 acmid = {319582},
 publisher = {IEEE Computer Society Press},
 address = {Los Alamitos, CA, USA},
 keywords = {continuous execution, incremental execution, languae-knowledgeable program editor, program network, program slicing, programming environment, visicalc, workstation},
}

@article{herlihy93,
 author = {Maurice Herlihy},
 title = {A methodology for implementing highly concurrent data objects},
 journal = {ACM Transactions on Programming Languages and Systems (TOPLAS)},
 volume = {15},
 number = {5},
 year = {1993},
 issn = {0164-0925},
 pages = {745--770},
 doi = {http://doi.acm.org/10.1145/161468.161469},
 publisher = {ACM Press},
 address = {New York, NY, USA},
}

@article{hicks05,
 author = {Hicks, Michael and Nettles, Scott},
 title = {Dynamic software updating},
 journal = {ACM Transactions on Programming Languages and Systems (TOPLAS)},
 issue_date = {November 2005},
 volume = {27},
 number = {6},
 month = nov,
 year = {2005},
 issn = {0164-0925},
 pages = {1049--1096},
 numpages = {48},
 url = {http://doi.acm.org/10.1145/1108970.1108971},
 doi = {10.1145/1108970.1108971},
 acmid = {1108971},
 publisher = {ACM},
 address = {New York, NY, USA},
 keywords = {Dynamic software updating, typed assembly language},
}

@inproceedings{hidders07,
 author = {Hidders, Jan and Kwasnikowska, Natalia and Sroka, Jacek and Tyszkiewicz, Jerzy and Van den Bussche, Jan},
 title = {A formal model of dataflow repositories},
 booktitle = {Proceedings of the 4th International Conference on Data Integration in the Life Sciences},
 series = {DILS'07},
 year = {2007},
 isbn = {978-3-540-73254-9},
 location = {Philadelphia, PA, USA},
 pages = {105--121},
 numpages = {17},
 url = {http://dl.acm.org/citation.cfm?id=1768933.1768947},
 acmid = {1768947},
 publisher = {Springer-Verlag},
 address = {Berlin, Heidelberg},
}

@article{hinze00,
  title = "Generalizing generalized tries",
  author = "Hinze, Ralf",
  year = "2000",
  journal = "Journal of Functional Programming",
  publisher = {Cambridge University Press},
  number = "4",
  pages = "327-351",
  volume = "10",
  doi = "10.1017/S0956796800003713",
}

@techreport{hinze06,
 author = {Ralf Hinze and Johan Jeuring and Andres L\"{o}h},
 institution = {Department of Information and Computing Sciences, Utrecht University},
 title = {Comparing Approaches to Generic Programming in {Haskell}},
 number = {UU-CS-2006-022},
 year = {2006}
}

@inproceedings{hirschkoff99,
 author = {Daniel Hirschkoff},
 title = {Handling Substitutions Explicitly in the pi-Calculus},
 booktitle = {Proceedings of the Second International Workshop on
                  Explicit Substitutions: Theory and Applications to
                  Programs and Proofs},
 location = {Trento, Italy},
 year = {1999}
}

@inproceedings{holyer94,
 author = {Ian Holyer and David Carter},
 title = {Deterministic Concurrency},
 editor = {K. Hammond and J.T. O'Donnell},
 booktitle = {Proceedings of the 1993 Glasgow Workshop on Functional Programming},
 publisher = {Springer Verlag},
 address = {Berlin, Germany},
 year = {1994}
}

@techreport{holyer95,
 institution={Department of Computer Science, University of Bristol},
 author={Ian Holyer and  Neil Davies and Chris Dornan},
 number={CSTR-95-015},
 title={The {Brisk} Project: Concurrent and Distributed Functional Systems},
 year={1995},
 url={http://www.cs.bris.ac.uk/Publications/Papers/1000069.pdf}
}

@inproceedings{hon06,
 author = {Terry Hon and Gregor Kiczales},
 title = {Fluid {AOP} join point models},
 booktitle = {OOPSLA '06: Companion to the 21st ACM SIGPLAN Conference on Object-Oriented Programming Systems, Languages, and Applications},
 year = {2006},
 isbn = {1-59593-491-X},
 pages = {712--713},
 location = {Portland, Oregon, USA},
 doi = {http://doi.acm.org/10.1145/1176617.1176687},
 publisher = {ACM},
 address = {New York, NY, USA},
}

@inproceedings{honda08,
 author = {Honda, Kohei and Yoshida, Nobuko and Carbone, Marco},
 title = {Multiparty Asynchronous Session Types},
 booktitle = {Proceedings of the 35th Annual ACM SIGPLAN-SIGACT Symposium on Principles of Programming Languages},
 series = {POPL '08},
 year = {2008},
 isbn = {978-1-59593-689-9},
 location = {San Francisco, California, USA},
 pages = {273--284},
 numpages = {12},
 url = {http://doi.acm.org/10.1145/1328438.1328472},
 doi = {10.1145/1328438.1328472},
 acmid = {1328472},
 publisher = {ACM},
 address = {New York, NY, USA},
 keywords = {causality, choreography, communications, mobile processes, multiparty, session types, structured programming},
}

@techreport{hudak89,
 author = {Paul Hudak and Raman S. Sundaresh},
 title = {On the expressiveness of purely functional {I/O} systems},
 number = {YALEU/DCS/RR-665},
 institution = {Yale University Department of Computer Science},
 year = {1989}
}

@inproceedings{hughes85,
 author = {John Hughes},
 title = {Lazy memo-functions},
 year = {1985},
 editor = {J. Jouannaud},
 booktitle = {Functional Programming Languages and Computer Architecture},
 number = {201},
 series = {Lecture Notes in Computer Science},
 pages = {129--146},
 publisher = {Springer-Verlag}
}

@article{hughes00,
 author = {John Hughes},
 title = {Generalising monads to arrows},
 journal = {Science of Computer Programming},
 volume = {37},
 number = {1-3},
 year = {2000},
 issn = {0167-6423},
 pages = {67--111},
 doi = {http://dx.doi.org/10.1016/S0167-6423(99)00023-4},
 publisher = {Elsevier North-Holland, Inc.},
 address = {Amsterdam, The Netherlands, The Netherlands},
}

@article{hutton92,
 author = {Graham Hutton},
 title = {Higher-order Functions for Parsing},
 journal = {Journal of Functional Programming},
 publisher = {Cambridge University Press},
 volume = {2},
 number = {3},
 pages = {323--343},
 month = {July},
 year = {1992}
}

@article{hutton98,
 author = {Graham Hutton and Erik Meijer},
 title = {Monadic Parsing in {Haskell}},
 journal = {Journal of Functional Programming},
 publisher = {Cambridge University Press},
 volume = {8},
 number = {4},
 month = {July},
 year = {1998},
 pages = {437--444}
}

% -------------------------------------------------------------------------------
%                I
% -------------------------------------------------------------------------------

@inproceedings{ingalls88,
 author = {Ingalls, Dan and Wallace, Scott and Chow, Yu-Ying and Ludolph, Frank and Doyle, Ken},
 title = {Fabrik: a visual programming environment},
 booktitle = {Conference Proceedings on Object-Oriented Programming Systems, Languages and Applications},
 series = {OOPSLA '88},
 year = {1988},
 isbn = {0-89791-284-5},
 location = {San Diego, California, United States},
 pages = {176--190},
 numpages = {15},
 url = {http://doi.acm.org/10.1145/62083.62100},
 doi = {10.1145/62083.62100},
 acmid = {62100},
 publisher = {ACM},
 address = {New York, NY, USA},
}

% -------------------------------------------------------------------------------
%                J
% -------------------------------------------------------------------------------

@inproceedings{james12,
 author = {James, Roshan P. and Sabry, Amr},
 title = {Information effects},
 booktitle = {Proceedings of the 39th annual ACM SIGPLAN-SIGACT symposium on Principles of programming languages},
 series = {POPL '12},
 year = {2012},
 isbn = {978-1-4503-1083-3},
 location = {Philadelphia, PA, USA},
 pages = {73--84},
 numpages = {12},
 url = {http://doi.acm.org/10.1145/2103656.2103667},
 doi = {10.1145/2103656.2103667},
 acmid = {2103667},
 publisher = {ACM},
 address = {New York, NY, USA},
 keywords = {arrows, linear logic, quantum computing, reversible logic},
}

@inproceedings{janzen04,
 title = {Programming with Crosscutting Effective Views},
 booktitle = {European Conference on Object-Oriented Programming ({ECOOP})},
 year = {2004},
 location = {Oslo},
 author = {Doug Janzen and Kris De Volder},
 url = {http://www.cs.ubc.ca/\textasciitilde{}kdvolder/binaries/Janzen_DeVolder_ECOOP2004.pdf}
}

@inproceedings{jeuring91,
 author = {Johan Jeuring},
 booktitle = {Proceedings {SION} Computing Science in the Netherlands},
 editor = {J. van Leeuwen},
 pages = {315--335},
 priority = {3},
 title = {Incremental algorithms on lists},
 url = {http://citeseer.ist.psu.edu/jeuring91incremental.html},
 year = {1991}
}

@inproceedings{johann08,
 author = {Patricia Johann and Neil Ghani},
 title = {Foundations for structured programming with {GADTs}},
 booktitle = {POPL '08: Proceedings of the 35th Annual ACM SIGPLAN-SIGACT Symposium on Principles of Programming Languages},
 year = {2008},
 isbn = {978-1-59593-689-9},
 pages = {297--308},
 location = {San Francisco, California, USA},
 doi = {http://doi.acm.org/10.1145/1328438.1328475},
 publisher = {ACM},
 address = {New York, NY, USA}
}

@inproceedings{johann07,
 title = {Initial Algebra Semantics is Enough!},
 author = {Patricia Johann and Neil Ghani},
 booktitle = {Proceedings of Typed Lambda Calculus and Applications 2007 (TLCA'07)},
 pages = {207--222},
 year = {2007}
}

@inproceedings{johnson11,
  author = {Noah M. Johnson and Juan Caballero and Kevin Zhijie Chen
                  and Stephen McCamant and Pongsin Poosankam and
                  Daniel Reynaud and Dawn Song},
  title = {Differential Slicing: Identifying Causal Execution Differences for Security Applications},
  booktitle = {IEEE Symposium on Security and Privacy},
  address = {Oakland, CA},
  month = {May},
  year = 2011,
}

% -------------------------------------------------------------------------------
%                K
% -------------------------------------------------------------------------------

@inproceedings{kahlon10,
 author = {Kahlon, Vineet and Wang, Chao},
 title = {Universal causality graphs: a precise happens-before model for detecting bugs in concurrent programs},
 booktitle = {Proceedings of the 22nd international conference on Computer Aided Verification},
 series = {CAV'10},
 year = {2010},
 isbn = {3-642-14294-X, 978-3-642-14294-9},
 location = {Edinburgh, UK},
 pages = {434--449},
 numpages = {16},
 url = {http://dx.doi.org/10.1007/978-3-642-14295-6_39},
 doi = {10.1007/978-3-642-14295-6_39},
 acmid = {2144360},
 publisher = {Springer-Verlag},
 address = {Berlin, Heidelberg},
}

@inproceedings{kahn74,
 author = {Gilles Kahn},
 title = {The Semantics of Simple Language for Parallel Programming},
 booktitle = {IFIP Congress},
 year = {1974},
 pages = {471-475},
 bibsource = {DBLP, http://dblp.uni-trier.de}
}

@inproceedings{kahrs92,
 author = {Stefan Kahrs},
 title = {Unlimp, Uniqueness as a Leitmotiv for Implementation},
 booktitle = {Programming Language Implementation and Logic Programming: Proceedings of the 4th International Symposium, {PLILP} '92, Leuven},
 publisher = {Springer-Verlag},
 address = {Berlin, Germany},
 editor = {M. Bruynooghe and M. Wirsing},
 isbn = {3-540-55844-6},
 pages = {115--129},
 year = {1992},
 url = {citeseer.ist.psu.edu/kahrs92unlimp.html}
}

@techreport{kamin90,
 title={A debugging environment for functional programming in {CENTAUR}},
 author={Kamin, Samuel},
 affiliation={{INRIA} {S}ophia {A}ntipolis - {INRIA} },
 type={{R}esearch {R}eport},
 institution={INRIA},
 number={{RR}-1265},
 year={1990},
 URL={http://hal.inria.fr/inria-00075294/en/},
}

@inproceedings{karinthi87,
 author = {Raghu Karinthi and Mark Weiser},
 title = {Incremental re-execution of programs},
 booktitle = {PLDI},
 year = {1987},
 pages = {38-44},
 ee = {http://doi.acm.org/10.1145/29650.29654},
 bibsource = {DBLP, http://dblp.uni-trier.de}
}

@article{karpinski02,
 author = {Richard Karpinski},
 year = {2002},
 month = {September},
 title = {{IBM's} New Tools Complete Web Services Plunge},
 journal = {InformationWeek},
 publisher = {CMP Media, Inc.},
 address = {San Francisco, California, USA}
}

@inproceedings{kassoff05,
 author = {Michael Kassoff and Lee-Ming Zen and Ankit Garg and Michael Genesereth},
 title = {PrediCalc: a logical spreadsheet management system},
 booktitle = {VLDB '05: Proceedings of the 31st International Conference on Very Large Data Bases},
 year = {2005},
 isbn = {1-59593-154-6},
 pages = {1247--1250},
 location = {Trondheim, Norway},
 publisher = {VLDB Endowment},
}

@article{kassoff07,
 author = {Michael Kassoff and Michael Genesereth},
 title = {PrediCalc: A logical spreadsheet management system},
 journal = {The Knowledge Engineering Review},
 volume = {22},
 number = {3},
 year = {2007},
 issn = {0269-8889},
 pages = {281--295},
 doi = {http://dx.doi.org/10.1017/S0269888907001154},
 publisher = {Cambridge University Press},
 address = {New York, NY, USA}
}

@article{keller86,
 author = {Robert M. Keller and M. R. Sleep},
 title = {Applicative caching},
 journal = {ACM Transactions on Programming Languages and Systems (TOPLAS)},
 volume = {8},
 number = {1},
 year = {1986},
 issn = {0164-0925},
 pages = {88--108},
 doi = {http://doi.acm.org/10.1145/5001.5004},
 publisher = {ACM},
 address = {New York, NY, USA},
}

@article{kelsey98,
 author = {Richard Kelsey and William Clinger and Jonathan Rees},
 title = {Revised$^{5}$ report on the algorithmic language {Scheme}},
 journal = {SIGPLAN Notices},
 year = {1998},
 volume = {33},
 pages = {26--76},
 publisher = {ACM Press},
 address = {New York, NY, USA}
}

@inproceedings{kennaway82,
 author = {J. R. Kennaway and M. R. Sleep},
 title = {Expressions as processes},
 booktitle = {LFP '82: Proceedings of the 1982 ACM Symposium on LISP and Functional Programming},
 year = {1982},
 isbn = {0-89791-082-6},
 pages = {21--28},
 location = {Pittsburgh, Pennsylvania, USA},
 doi = {http://doi.acm.org/10.1145/800068.802131},
 publisher = {ACM Press},
 address = {New York, NY, USA},
}

@inproceedings{kiczales02,
 title = {Aspect-Oriented Programming - The Fun Has Just Begun},
 author = {Gregor Kiczales},
 booktitle = {Vanderbilt Workshop: New Visions for Software Design \& Productivity: Research \& Applications},
 year = {2002},
 location = {Vanderbilt University, Nashville, TN, USA}
}

@inproceedings{kieburtz98,
 author = {Richard B. Kieburtz},
 title = {Taming effects with monadic typing},
 booktitle = {ICFP '98: Proceedings of the Third ACM SIGPLAN International Conference on Functional Programming},
 year = {1998},
 isbn = {1-58113-024-4},
 pages = {51--62},
 location = {Baltimore, Maryland, USA},
 doi = {http://doi.acm.org/10.1145/289423.289428},
 publisher = {ACM Press},
 address = {New York, NY, USA}
}

@misc{kieburtz99,
 author = {Richard B. Kieburtz},
 title = {Codata and Comonads in {H}askell},
 year = {1999},
 howpublished = {http://citeseer.ist.psu.edu/kieburtz99codata.html}
}

@article{kim06,
 author = {Ik-Soon Kim and Kwangkeun Yi and Cristiano Calcagno},
 title = {A polymorphic modal type system for lisp-like multi-staged languages},
 journal = {SIGPLAN Notices},
 volume = {41},
 number = {1},
 year = {2006},
 issn = {0362-1340},
 pages = {257--268},
 doi = {http://doi.acm.org/10.1145/1111320.1111060},
 publisher = {ACM Press},
 address = {New York, NY, USA},
}

@inproceedings{king05,
 author = {King, Samuel T. and Dunlap, George W. and Chen, Peter M.},
 title = {Debugging operating systems with time-traveling virtual machines},
 booktitle = {ATEC '05: Proceedings of the Annual Conference on USENIX Annual Technical Conference},
 year = {2005},
 location = {Anaheim, CA},
 publisher = {USENIX Association},
 address = {Berkeley, CA, USA},
}

@inproceedings{kishon91,
 author = {Kishon, Amir and Hudak, Paul and Consel, Charles},
 title = {Monitoring semantics: a formal framework for specifying, implementing, and reasoning about execution monitors},
 booktitle = {Proceedings of the ACM SIGPLAN 1991 Conference on Programming Language Design and Implementation},
 series = {PLDI '91},
 year = {1991},
 isbn = {0-89791-428-7},
 location = {Toronto, Ontario, Canada},
 pages = {338--352},
 numpages = {15},
 url = {http://doi.acm.org/10.1145/113445.113474},
 doi = {10.1145/113445.113474},
 acmid = {113474},
 publisher = {ACM},
 address = {New York, NY, USA},
}

@article{kishon95,
 author = {Kishon, Amir and Hudak, Paul},
 title = {Semantics directed program execution monitoring},
 journal = {Journal of Functional Programming},
 volume = {5},
 number = {04},
 pages = {501--547},
 year = {1995},
 doi = {10.1017/S0956796800001465}
}

@book{knudsen93,
 author = {Jorgen L. Knudsen and Ole Lehrmann Madsen and Boris Magnusson and Mats Lofgren},
 year = {1993},
 title = {Object-Oriented Software Development Environments: Mj\o{}lner Approach.},
 publisher = {Prentice-Hall}
}

@inproceedings{ko05,
 author = {Ko, Andrew J. and Aung, Htet Htet and Myers, Brad A.},
 title = {Design requirements for more flexible structured editors from a study of programmers' text editing},
 booktitle = {Extended Abstracts on Human Factors in Computing Systems},
 series = {CHI EA '05},
 year = {2005},
 isbn = {1-59593-002-7},
 location = {Portland, OR, USA},
 pages = {1557--1560},
 numpages = {4},
 url = {http://doi.acm.org/10.1145/1056808.1056965},
 doi = {10.1145/1056808.1056965},
 acmid = {1056965},
 publisher = {ACM},
 address = {New York, NY, USA},
 keywords = {interaction techniques, structured editors},
}

@inproceedings{kobayashi97,
 author = {Satoshi Kobayashi},
 title = {Monad as modality},
 booktitle = {NSL '94: Proceedings of the first workshop on Non-standard logics and logical aspects of computer science},
 year = {1997},
 pages = {29--74},
 location = {Kanazawa, Japan},
 doi = {http://dx.doi.org/10.1016/S0304-3975(96)00169-7},
 publisher = {Elsevier Science Publishers B. V.},
 address = {Amsterdam, The Netherlands, The Netherlands},
}

@inproceedings{koelma92,
 author = {Dennis Koelma and Richard van Balen and Arnold Smeulders},
 title = {{SCIL-VP}: a multi-purpose visual programming environment},
 booktitle = {SAC '92: Proceedings of the 1992 ACM/SIGAPP Symposium on Applied Computing},
 year = {1992},
 isbn = {0-89791-502-X},
 pages = {1188--1198},
 location = {Kansas City, Missouri, United States},
 doi = {http://doi.acm.org/10.1145/130069.130148},
 publisher = {ACM},
 address = {New York, NY, USA}
}

@article{korel88,
  author = {Bogdan Korel and Janusz W. Laski},
  title = {Dynamic Program Slicing},
  journal = {Inf. Process. Lett.},
  volume = {29},
  number = {3},
  year = {1988},
  pages = {155-163},
  bibsource = {DBLP, http://dblp.uni-trier.de}
}

@article{korel98,
 author = {Bogdan Korel and Jurgen Rilling},
 title = {Dynamic program slicing methods},
 journal = {Information and Software Technology},
 volume = {40},
 number = {11-12},
 pages = {647--659},
 year = {1998},
 doi = {DOI: 10.1016/S0950-5849(98)00089-5}
}

@book{kuhne99,
 author = {Thomas K\"{u}hne},
 publisher = {Verlag Dr.\@ Kova\v{c}, {ISBN 3-86064-770-9}},
 address = {Hamburg, Germany},
 title = {A Functional Pattern System for Object-Oriented Design},
 year = {1999}
}

@incollection{kripke72,
 author = {Saul A. Kripke},
 title = {Naming and Necessity},
 year = 1972,
 booktitle = {Semantics of Natural Language},
 editor = {D. Davidson and G. Harman},
 publisher = {Reidel},
 address = {Dordrecht},
 pages = {253--355}
}

@inproceedings{krishnamurthi98,
 author = {Shriram Krishnamurthi and Matthias Felleisen and Daniel P. Friedman},
 title = {Synthesizing object-oriented and functional design to promote re-use},
 booktitle = {European Conference on Object-Oriented Programming},
 year = {1998},
 pages = {91--113},
 publisher = {Springer},
 url = {http://citeseerx.ist.psu.edu/viewdoc/summary?doi=10.1.1.24.2629}
}

% -------------------------------------------------------------------------------
%                L
% -------------------------------------------------------------------------------

@article{lambek68,
 author = {Joachim Lambek},
 title = {A fixpoint theorem for complete categories},
 journal = {Mathematische Zeitschrift},
 publisher = {Springer},
 address = {Berlin / Heidelberg},
 address = {},
 volume = {103},
 number = {2},
 year = {1968},
 pages = {151--161}
}

@inproceedings{lammel08,
 author = {Ralf L\"{a}mmel and Ondrej Rypacek},
 title = {The expression lemma},
 booktitle = {Proceedings of Mathematics of Program Construction (MPC) 2008},
 publisher = {Springer},
 series = {Lecture Notes in Computer Science},
 volume = {5133},
 pages = {193-219},
 year = {2008}
}

@inproceedings{lamping90,
 author = {John Lamping},
 title = {An algorithm for optimal lambda calculus reduction},
 booktitle = {POPL '90: Proceedings of the 17th ACM SIGPLAN-SIGACT Symposium on Principles of Programming Languages},
 year = {1990},
 isbn = {0-89791-343-4},
 pages = {16--30},
 location = {San Francisco, California, USA},
 doi = {http://doi.acm.org/10.1145/96709.96711},
 publisher = {ACM Press},
 address = {New York, NY, USA},
}

@incollection{lampson93,
 author = {Lampson, Butler},
 title = {Principles for Computer System Design},
 booktitle = {ACM Turing Award lectures},
 year = {2007},
 isbn = {978-1-4503-1049-9},
 url = {http://doi.acm.org/10.1145/1283920.2159562},
 doi = {10.1145/1283920.2159562},
 acmid = {2159562},
 publisher = {ACM},
 address = {New York, NY, USA},
}

@inproceedings{lanese10,
 author = {Lanese, Ivan and Mezzina, Claudio Antares and Stefani, Jean-Bernard},
 title = {Reversing higher-order pi},
 booktitle = {Proceedings of the 21st International Conference on Concurrency Theory},
 series = {CONCUR '10},
 year = {2010},
 isbn = {3-642-15374-7, 978-3-642-15374-7},
 location = {Paris, France},
 pages = {478--493},
 numpages = {16},
 url = {http://dl.acm.org/citation.cfm?id=1887654.1887687},
 acmid = {1887687},
 publisher = {Springer-Verlag},
 address = {Berlin, Heidelberg},
}

@inproceedings{launchbury93,
 author = {Launchbury, John},
 title = {A natural semantics for lazy evaluation},
 booktitle = {POPL '93: Proceedings of the 20th ACM SIGPLAN-SIGACT Symposium on Principles of Programming Languages},
 year = {1993},
 isbn = {0-89791-560-7},
 pages = {144--154},
 location = {Charleston, South Carolina, United States},
 doi = {http://doi.acm.org/10.1145/158511.158618},
 publisher = {ACM},
 address = {New York, NY, USA}
}

@inproceedings{launchbury94,
 author = {John Launchbury and Simon L. Peyton Jones},
 title = {Lazy functional state threads},
 booktitle = {PLDI '94: Proceedings of the ACM SIGPLAN 1994 Conference on Programming Language Design and Implementation},
 year = {1994},
 isbn = {0-89791-662-X},
 pages = {24--35},
 location = {Orlando, Florida, United States},
 doi = {http://doi.acm.org/10.1145/178243.178246},
 publisher = {ACM},
 address = {New York, NY, USA},
}

@techreport{lee06,
 author = {Edward A. Lee},
 title = {The Problem with Threads},
 institution = {EECS Department, University of California, Berkeley},
 year = {2006},
 month = {January 10},
 url = {http://www.eecs.berkeley.edu/Pubs/TechRpts/2006/EECS-2006-1.html},
 number = {UCB/EECS-2006-1}
}

@book{leermakers93,
 author = {Rene Leermakers},
 title = {The Functional Treatment of Parsing},
 series = {Kluwer International Series in Engineering \& Computer Science},
 publisher = {Kluwer Academic Publishers},
 year = {1993}
}

@inproceedings{lefebvre09,
 author = {Lefebvre, Geoffrey and Cully, Brendan and Feeley, Michael J. and Hutchinson, Norman C. and Warfield, Andrew},
 title = {Tralfamadore: unifying source code and execution experience},
 booktitle = {EuroSys '09: Proceedings of the Fourth ACM European Conference on Computer Systems},
 year = {2009},
 isbn = {978-1-60558-482-9},
 pages = {199--204},
 location = {Nuremberg, Germany},
 doi = {http://doi.acm.org/10.1145/1519065.1519087},
 publisher = {ACM},
 address = {New York, NY, USA}
}

@inproceedings{lefebvre12,
 author = {Lefebvre, Geoffrey and Cully, Brendan and Head, Christopher and Spear, Mark and Hutchinson, Norm and Feeley, Mike and Warfield, Andrew},
 title = {Execution mining},
 booktitle = {Proceedings of the 8th ACM SIGPLAN/SIGOPS conference on Virtual Execution Environments},
 series = {VEE '12},
 year = {2012},
 isbn = {978-1-4503-1176-2},
 location = {London, England, UK},
 pages = {145--158},
 numpages = {14},
 url = {http://doi.acm.org/10.1145/2151024.2151044},
 doi = {10.1145/2151024.2151044},
 acmid = {2151044},
 publisher = {ACM},
 address = {New York, NY, USA},
 keywords = {binary analysis, offline analysis, semantic gap, virtual machine},
}

@article{leGuernic91,
 title = {Programming Real-Time Applications with Signal},
 author = {Paul Le Guernic and Thierry Gautier and Michel Le Borgne and Claude Le Maire},
 journal = {Proceedings of the IEEE},
 volume = {79},
 number = {9},
 year = {1991},
 pages = {1321--1336}
}

@incollection{lévy80,
 author = {Jean-Jacques L\'evy},
 title = {Optimal reductions in the lambda-calculus},
 booktitle = {To H. B. Curry: Essays in Combinatory Logic, Lambda Calculus and Formalism},
 editor = {J. P. Seldin and J. R. Hindley},
 pages = {159--191},
 publisher = {Academic Press},
 address = {New York, NY, USA},
 year = {1980}
}

@inproceedings{levy06,
 author = {Paul Blain Levy},
 title = {Jumbo $\lambda$-Calculus},
 booktitle = {Automata, Languages and Programming, 33rd International Colloquium, ICALP 2006},
 location = {Venice, Italy},
 year = {2006},
 publisher = {Springer},
 address = {Germany},
 series = {Lecture Notes in Computer Science},
 volume = {4052},
 pages = {444--455}
}

@inproceedings{levy06a,
 author = {Paul Blain Levy},
 title = {Jumping semantics for call-by-push-value},
 editor = {Olivier Danvy and Hayo Thielecke},
 booktitle = {Proceedings of KAZAM Workshop, Birmingham, June 2005},
 year = {2006},
 note = {University of Birmingham Technical Report CSR-06-10},
 pages = {27--40}
}

@inproceedings{lewis00,
 author = {Jeffrey R. Lewis and John Launchbury and Erik Meijer and Mark B. Shields},
 title = {Implicit parameters: dynamic scoping with static types},
 booktitle = {POPL '00: Proceedings of the 27th ACM SIGPLAN-SIGACT Symposium on Principles of Programming Languages},
 year = {2000},
 isbn = {1-58113-125-9},
 pages = {108--118},
 location = {Boston, MA, USA},
 doi = {http://doi.acm.org/10.1145/325694.325708},
 publisher = {ACM Press},
 address = {New York, NY, USA},
}

@inproceedings{lewis03,
 author = {Bil Lewis},
 title = {Debugging Backwards in Time},
 editor = {Michiel Ronsse and Koen {De Bosschere}},
 booktitle = {Proceedings of the Fifth International Workshop on Automated Debugging (AADEBUG 2003)},
 year = {2003},
 location = {Ghent},
 month = {September}
}

@article{ley-wild08,
 author = {Ley-Wild, Ruy and Fluet, Matthew and Acar, Umut A.},
 title = {Compiling self-adjusting programs with continuations},
 journal = {SIGPLAN Notices},
 volume = {43},
 number = {9},
 year = {2008},
 issn = {0362-1340},
 pages = {321--334},
 doi = {http://doi.acm.org/10.1145/1411203.1411249},
 publisher = {ACM},
 address = {New York, NY, USA}
}

@incollection{ley-wild12,
 year = {2012},
 isbn = {978-3-642-28868-5},
 booktitle = {Programming Languages and Systems},
 volume = {7211},
 series = {Lecture Notes in Computer Science},
 editor = {Seidl, Helmut},
 doi = {10.1007/978-3-642-28869-2_24},
 title = {Non-monotonic Self-Adjusting Computation},
 url = {http://dx.doi.org/10.1007/978-3-642-28869-2_24},
 publisher = {Springer},
 address = {Berlin / Heidelberg},
 author = {Ley-Wild, Ruy and Acar, UmutA. and Blelloch, Guy},
 pages = {476-496}
}

@inproceedings{liang95,
 author = {Sheng Liang and Paul Hudak and Mark Jones},
 title = {Monad transformers and modular interpreters},
 booktitle = {POPL '95: Proceedings of the 22nd ACM SIGPLAN-SIGACT Symposium on Principles of Programming Languages},
 year = {1995},
 isbn = {0-89791-692-1},
 pages = {333--343},
 location = {San Francisco, California, United States},
 doi = {http://doi.acm.org/10.1145/199448.199528},
 publisher = {ACM},
 address = {New York, NY, USA}
}

@inproceedings{lieberman80,
 author = {Lieberman, Henry and Hewitt, Carl},
 title = {A session with {Tinker}: interleaving program testing with program design},
 booktitle = {Proceedings of the 1980 ACM Conference on LISP and Functional Programming},
 series = {LFP '80},
 year = {1980},
 location = {Stanford University, California, United States},
 pages = {90--99},
 numpages = {10},
 url = {http://doi.acm.org/10.1145/800087.802794},
 doi = {10.1145/800087.802794},
 acmid = {802794},
 publisher = {ACM},
 address = {New York, NY, USA},
}

@inproceedings{lindley08,
 title = {Idioms are oblivious, arrows are meticulous, monads are promiscuous},
 author = {Sam Lindley and Philip Wadler and Jeremy Yallop},
 booktitle = {Proceedings of MSFP 2008},
 series = {Electronic Notes in Theoretical Computer Science},
 year = {2008},
 publisher = {Elsevier},
 address = {New York, NY, USA}
}

@inproceedings{liu95,
 author = {Yanhong Annie Liu},
 title = {{CACHET}: an interactive, incremental-attribution-based program transformation system for deriving incremental programs},
 booktitle = {KBSE '95: Proceedings of The 10th Knowledge-Based Software Engineering Conference},
 year = {1995},
 isbn = {0-8186-7204-8},
 pages = {19},
 publisher = {IEEE Computer Society},
 address = {Washington, DC, USA},
}

@inproceedings{llorens10,
 author = {Llorens, Marisa and Oliver, Javier and Silva, Josep and Tamarit, Salvador},
 title = {A tracking semantics for {CSP}},
 booktitle = {Proceedings of the 10th international conference on Mathematics of program construction},
 series = {MPC'10},
 year = {2010},
 isbn = {3-642-13320-7, 978-3-642-13320-6},
 location = {Qu\&\#233;bec, Canada},
 pages = {248--270},
 numpages = {23},
 url = {http://dl.acm.org/citation.cfm?id=1886619.1886636},
 acmid = {1886636},
 publisher = {Springer-Verlag},
 address = {Berlin, Heidelberg},
 keywords = {CSP, concurrent programming, semantics, tracking},
}

@article{lunzer08,
 author = {Lunzer, Aran and Hornb\ae k, Kasper},
 title = {Subjunctive interfaces: Extending applications to support parallel setup, viewing and control of alternative scenarios},
 journal = {ACM Trans. Comput.-Hum. Interact.},
 issue_date = {January 2008},
 volume = {14},
 number = {4},
 month = jan,
 year = {2008},
 issn = {1073-0516},
 pages = {17:1--17:44},
 articleno = {17},
 numpages = {44},
 doi = {10.1145/1314683.1314685},
 acmid = {1314685},
 publisher = {ACM},
 address = {New York, NY, USA},
 keywords = {Subjunctive interfaces, information exploration, multiple views, user study},
}

@inproceedings{luttik06,
 author = {Bas Luttik},
 title = {What is algebraic in process theory?},
 editor = {Luca Aceto and Andrew Gordon},
 booktitle = {Proceedings of the Workshop on Algebraic Process Calculi: The First Twenty Five Years and Beyond ({APC} 25)},
 series = {Electronic Notes in Theoretical Computer Science},
 volume = {162},
 pages = {227--231},
 year = {2006},
 publisher = {Elsevier},
 address = {New York, NY, USA}
}

% -------------------------------------------------------------------------------
%                M
% -------------------------------------------------------------------------------

@inproceedings{ma11,
 author = {Ma, Xiaoxing and Baresi, Luciano and Ghezzi, Carlo and Panzica La Manna, Valerio and Lu, Jian},
 title = {Version-consistent dynamic reconfiguration of component-based distributed systems},
 booktitle = {Proceedings of the 19th ACM SIGSOFT Symposium and the 13th European Conference on Foundations of Software Engineering},
 series = {ESEC/FSE '11},
 year = {2011},
 isbn = {978-1-4503-0443-6},
 location = {Szeged, Hungary},
 pages = {245--255},
 numpages = {11},
 doi = {10.1145/2025113.2025148},
 acmid = {2025148},
 publisher = {ACM},
 address = {New York, NY, USA},
 keywords = {component-based distributed system, dynamic reconfiguration, version-consistency},
}

@book{madsen93,
 author = {Ole Lehrmann Madsen and Birger ~M\o ller Pedersen and Kristen Nygaard},
 title = {Object-oriented programming in the {BETA} programming language},
 year = {1993},
 isbn = {0-201-62430-3},
 publisher = {ACM Press/Addison-Wesley Publishing Company},
 address = {New York, NY, USA},
}

@phdthesis{malcolm90,
 author = {Grant Malcolm},
 title = {Algebraic Data Types and Program Transformation},
 school = {Department of Computing Science, Groningen University},
 year = {1990}
}

@incollection{manandhar04,
 year = {2004},
 isbn = {978-3-540-23659-7},
 booktitle = {Applied Computing},
 volume = {3285},
 series = {Lecture Notes in Computer Science},
 editor = {Manandhar, Suresh and Austin, Jim and Desai, Uday and Oyanagi, Yoshio and Talukder, AsokeK.},
 doi = {10.1007/978-3-540-30176-9_33},
 title = {An Efficient Technique for Dynamic Slicing of Concurrent {Java} Programs},
 url = {http://dx.doi.org/10.1007/978-3-540-30176-9_33},
 publisher = {Springer},
 address = {Berlin / Heidelberg},
 author = {Mohapatra, D.P. and Mall, Rajib and Kumar, Rajeev},
 pages = {255-262}
}

@book{manna92,
 author = {Zohar Manna and Amir Pnueli},
 title = {The temporal logic of reactive and concurrent systems},
 year = {1992},
 isbn = {0-387-97664-7},
 publisher = {Springer-Verlag New York, Inc.},
 address = {New York, NY, USA},
}

@article{mason99,
 title = "Actor languages their syntax, semantics, translation, and equivalence ",
 journal = "Theoretical Computer Science ",
 volume = "220",
 number = "2",
 pages = "409 - 467",
 year = "1999",
 note = "",
 issn = "0304-3975",
 doi = "http://dx.doi.org/10.1016/S0304-3975(99)00009-2",
 url = "http://www.sciencedirect.com/science/article/pii/S0304397599000092",
 author = "Ian A. Mason and Carolyn L. Talcott"
}

@inproceedings{masri06,
 author={Masri, W. and Nahas, N. and Podgurski, A.},
 booktitle={Software Reliability Engineering, 2006. ISSRE '06. 17th International Symposium on},
 title={Memoized Forward Computation of Dynamic Slices},
 year={2006},
 pages={23-32},
 doi={10.1109/ISSRE.2006.53},
 ISSN={1071-9458}
}

@inproceedings{martin02,
 author = {Ludger Martin and Anke Giesl and Johannes Martin},
 title = {Dynamic Component Program Visualization},
 booktitle = {In Proceedings of ninth Working Conference on Reverse Engineering},
 year = {2002},
 pages = {289--298}
}

@inproceedings{matsuda07,
 author = {Kazutaka Matsuda and Zhenjiang Hu and Keisuke Nakano and Makoto Hamana and Masato Takeichi},
 title = {Bidirectionalization transformation based on automatic derivation of view complement functions},
 booktitle = {ICFP '07: Proceedings of the 2007 ACM SIGPLAN International Conference on Functional Programming},
 year = {2007},
 isbn = {978-1-59593-815-2},
 pages = {47--58},
 location = {Freiburg, Germany},
 doi = {http://doi.acm.org/10.1145/1291151.1291162},
 publisher = {ACM},
 address = {New York, NY, USA}
}

@article{mcbride08,
 author = {Conor Mcbride and Ross Paterson},
 title = {Applicative programming with effects},
 journal = {Journal of Functional Programming},
 volume = {18},
 number = {1},
 year = {2008},
 issn = {0956-7968},
 pages = {1--13},
 doi = {http://dx.doi.org/10.1017/S0956796807006326},
 publisher = {Cambridge University Press},
 address = {New York, NY, USA},
}

@inproceedings{mcbride08b,
 author = {Conor McBride},
 title = {Clowns to the left of me, jokers to the right (pearl): dissecting data structures},
 booktitle = {POPL '08: Proceedings of the 35th Annual ACM SIGPLAN-SIGACT Symposium on Principles of Programming Languages},
 year = {2008},
 isbn = {978-1-59593-689-9},
 pages = {287--295},
 location = {San Francisco, California, USA},
 doi = {http://doi.acm.org/10.1145/1328438.1328474},
 publisher = {ACM},
 address = {New York, NY, USA}
}

@inproceedings{mcdirmid06,
 author = {Sean McDirmid},
 title = {Interactive Component Assembly with {SuperGlue}},
 booktitle = {Proceedings of the 11th International ECOOP Workshop on Component-Oriented Programming (WCOP'06)},
 location = {Nantes, France},
 publisher = {Karlsruhe University},
 year = {2006}
}

@incollection{mcdirmid06b,
 author = {Sean Mcdirmid and Wilson Hsieh},
 doi = {10.1007/11785477\_15},
 journal = {ECOOP 2006  Object-Oriented Programming, 20th European Conference, Proceedings},
 pages = {206--229},
 location = {Nantes, France},
 title = {SuperGlue: Component Programming with Object-Oriented Signals},
 booktitle = {ECOOP},
 publisher = {Springer},
 series = {Lecture Notes in Computer Science},
 volume = {4067},
 year = {2006}
}

@inproceedings{mcdirmid07,
 author = {Sean McDirmid},
 title = {Living it up with a live programming language},
 booktitle = {OOPSLA '07: Proceedings of the 22nd Annual ACM SIGPLAN Conference on Object-Oriented Programming Systems, Languages, and Applications},
 year = {2007},
 isbn = {978-1-59593-786-5},
 pages = {623--638},
 location = {Montreal, Quebec, Canada},
 doi = {http://doi.acm.org/10.1145/1297027.1297073},
 publisher = {ACM},
 address = {New York, NY, USA}
}

@article{mccartney02,
 author = {McCartney, James},
 title = {Rethinking the Computer Music Language: {SuperCollider}},
 journal = {Computer Music Journal},
 issue_date = {Winter 2002},
 volume = {26},
 number = {4},
 month = dec,
 year = {2002},
 issn = {0148-9267},
 pages = {61--68},
 numpages = {8},
 url = {http://dx.doi.org/10.1162/014892602320991383},
 doi = {10.1162/014892602320991383},
 acmid = {1245228},
 publisher = {MIT Press},
 address = {Cambridge, MA, USA},
}

@inproceedings{meijer91,
 author = {Erik Meijer and Maarten Fokkinga and Ross Paterson},
 title = {Functional programming with bananas, lenses, envelopes and barbed wire},
 booktitle = {Proceedings of the 5th ACM Conference on Functional Programming Languages and Computer Architecture},
 year = {1991},
 isbn = {0-387-54396-1},
 pages = {124--144},
 location = {Cambridge, Massachusetts, United States},
 publisher = {Springer-Verlag New York, Inc.},
 address = {New York, NY, USA},
}

@article{meertens92,
 title = {Paramorphisms},
 journal = {Formal Aspects of Computing},
 publisher = {Springer},
 volume = {4},
 number = {5},
 year = {1992},
 pages = {413--424},
 author = {Lambert Meertens},
 address = {London}
}

@inproceedings{mehner01,
 author = {Mehner, Katharina},
 title = {JaVis: A UML-Based Visualization and Debugging Environment for Concurrent Java Programs},
 booktitle = {Revised Lectures on Software Visualization, International Seminar},
 year = {2002},
 isbn = {3-540-43323-6},
 pages = {163--175},
 numpages = {13},
 url = {http://dl.acm.org/citation.cfm?id=647382.724784},
 acmid = {724784},
 publisher = {Springer-Verlag},
 address = {London, UK, UK},
 keywords = {Java, UML, dynamic program visualization deadlock detection, object-oriented concurrent programming, tracing},
}

@inproceedings{meyerovich09,
 author = {Meyerovich, Leo A. and Guha, Arjun and Baskin, Jacob and
                  Cooper, Gregory H. and Greenberg, Michael and
                  Bromfield, Aleks and Krishnamurthi, Shriram},
 title = {Flapjax: a programming language for Ajax applications},
 booktitle = {Proceedings of the 24th ACM SIGPLAN Conference on Object-Oriented Programming Systems, Languages, and Applications},
 series = {OOPSLA '09},
 year = {2009},
 isbn = {978-1-60558-766-0},
 location = {Orlando, Florida, USA},
 pages = {1--20},
 numpages = {20},
 doi = {10.1145/1640089.1640091},
 acmid = {1640091},
 publisher = {ACM},
 address = {New York, NY, USA},
 keywords = {functional reactive programming, javascript, web programming},
}

@inproceedings{mezini03,
 author = {Mira Mezini and Klaus Ostermann},
 title = {Conquering aspects with {Caesar}},
 booktitle = {AOSD '03: Proceedings of the 2nd International Conference on Aspect-Oriented Software Development},
 year = {2003},
 isbn = {1-58113-660-9},
 pages = {90--99},
 location = {Boston, Massachusetts},
 doi = {http://doi.acm.org/10.1145/643603.643613},
 publisher = {ACM},
 address = {New York, NY, USA}
}

@article{michie68,
 author = {Donald Michie},
 title = {Memo functions and machine learning},
 year = {1968},
 journal = {Nature},
 volume = {218},
 pages = {19--22}
}

@article{milner93,
 author = {Robin Milner},
 title = {Elements of interaction: {Turing} award lecture},
 journal = {Communications of the ACM},
 volume = {36},
 number = {1},
 year = {1993},
 issn = {0001-0782},
 pages = {78--89},
 doi = {http://doi.acm.org/10.1145/151233.151240},
 publisher = {ACM Press},
 address = {New York, NY, USA},
}

@book{milner99,
 title = {Communicating and mobile systems: the $\pi$ calculus},
 author = {Robin Milner},
 year = {1999},
 publisher = {Cambridge University Press},
 address = {Cambridge, UK}
}

@incollection{milner06,
 author = {Robin Milner},
 title = {{Turing}, Computing and Communication},
 booktitle = {Interactive Computation: The New Paradigm},
 editor = {Dina Goldin and Scott A. Smolka and Peter Wegner},
 publisher = {Springer},
 address = {New York, NY, USA},
 year = {2006}
}

@inproceedings{moggi89,
 author = {E. Moggi},
 title = {Computational lambda-calculus and monads},
 booktitle = {Proceedings of the Fourth Annual Symposium on Logic in Computer Science},
 year = {1989},
 isbn = {0-8186-1954-6},
 pages = {14--23},
 location = {Pacific Grove, California, USA},
 publisher = {IEEE Press},
 address = {Piscataway, NJ, USA},
}

@article{moggi91,
 author = {Eugenio Moggi},
 title = {Notions of computation and monads},
 journal = {Information and Computation},
 volume = {93},
 number = {1},
 year = {1991},
 issn = {0890-5401},
 pages = {55--92},
 doi = {http://dx.doi.org/10.1016/0890-5401(91)90052-4},
 publisher = {Academic Press, Inc.},
 address = {Duluth, MN, USA},
}

@incollection{moran99,
 author = {Andrew K. Moran and David Sands and Magnus Carlsson},
 title = {Erratic {Fudgets}: a semantic theory for an embedded coordination language},
 booktitle = {Coordination '99},
 series = {Lecture Notes in Computer Science},
 volume = {1594},
 publisher = {Springer-Verlag},
 year = {1999},
 month = {April}
}

@misc{moseley06,
 author = {Ben Moseley and Peter Marks},
 title = {Out of the Tar Pit},
 year = {2006},
 howpublished = {http://web.mac.com/ben\_moseley/frp /paper-v1\_01.pdf}
}

@book{moss85,
 title = {Nested Transactions: An Approach to Reliable Distributed Computing},
 author = {J. Eliot and B. Moss},
 series = {Digital Communication},
 year = {1985},
 publisher = {The MIT Press},
 address = {Cambridge, MA, USA}
}

@inproceedings{myers86,
 author = {Myers, B. A.},
 title = {Visual programming, programming by example, and program visualization: a taxonomy},
 booktitle = {Proceedings of the SIGCHI Conference on Human Factors in Computing Systems},
 series = {CHI '86},
 year = {1986},
 isbn = {0-89791-180-6},
 location = {Boston, Massachusetts, United States},
 pages = {59--66},
 numpages = {8},
 url = {http://doi.acm.org/10.1145/22627.22349},
 doi = {10.1145/22627.22349},
 acmid = {22349},
 publisher = {ACM},
 address = {New York, NY, USA},
}

% -------------------------------------------------------------------------------
%                N
% -------------------------------------------------------------------------------

@inproceedings{nadathur03,
 author = {Gopalan Nadathur and Xiaochu Qi},
 title = {Explicit substitutions in the reduction of lambda terms},
 booktitle = {PPDP '03: Proceedings of the 5th ACM SIGPLAN International Conference on Principles and Practice of Declarative Programming},
 year = {2003},
 isbn = {1-58113-705-2},
 pages = {195--206},
 location = {Uppsala, Sweden},
 doi = {http://doi.acm.org/10.1145/888251.888270},
 publisher = {ACM Press},
 address = {New York, NY, USA},
}

@article{naish97,
 author={Lee Naish},
 title={A Declarative Debugging Scheme},
 journal={Journal of Functional and Logic Programming},
 volume={1997},
 number={3},
 publisher={The MIT Press},
 month={April},
 year={1997}
}

@inproceedings{nakamura01,
 author = {Hiroaki Nakamura},
 title = {Incremental computation of complex object queries},
 booktitle = {OOPSLA '01: Proceedings of the 16th ACM SIGPLAN Conference on Object-Oriented Programming, Systems, Languages, and Applications},
 year = {2001},
 isbn = {1-58113-335-9},
 pages = {156--165},
 location = {Tampa Bay, FL, USA},
 doi = {http://doi.acm.org/10.1145/504282.504294},
 publisher = {ACM Press},
 address = {New York, NY, USA},
 }

@inproceedings{nanevski02,
 author = {Aleksandar Nanevski},
 title = {Meta-programming with names and necessity},
 booktitle = {ICFP '02: Proceedings of the Seventh ACM SIGPLAN International Conference on Functional Programming},
 year = {2002},
 isbn = {1-58113-487-8},
 pages = {206--217},
 location = {Pittsburgh, PA, USA},
 doi = {http://doi.acm.org/10.1145/581478.581498},
 publisher = {ACM Press},
 address = {New York, NY, USA},
}

@inproceedings{nanevski03,
 author = {Aleksandar Nanevski},
 title = {From dynamic binding to state via modal possibility},
 booktitle = {PPDP '03: Proceedings of the 5th ACM SIGPLAN International Conference on Principles and Practice of Declarative Programming},
 year = {2003},
 isbn = {1-58113-705-2},
 pages = {207--218},
 location = {Uppsala, Sweden},
 doi = {http://doi.acm.org/10.1145/888251.888271},
 publisher = {ACM Press},
 address = {New York, NY, USA},
}

@techreport{nanevski03a,
 author = {Aleksandar Nanevski},
 title = {A modal calculus for effect handling},
 number = {CMU-CS-03-149},
 institution = {School of Computer Science, Carnegie Mellon University},
 year = {2003},
 url = {citeseer.ist.psu.edu/article/nanevski03modal.html}
}

@inproceedings{nanevski05,
 author = {Aleksandar Nanevski},
 title = {A modal calculus for exception handling},
 booktitle = {Proceedings of the Intuitionistic Modal Logic and Applications Workshop, June 2005},
 year = {2005}
}

@inproceedings{naor01,
 author = {Moni Naor and Vanessa Teague},
 title = {Anti-persistence: history independent data structures},
 booktitle = {STOC '01: Proceedings of the Thirty-Third Annual ACM Symposium on Theory of Computing},
 year = {2001},
 isbn = {1-58113-349-9},
 pages = {492--501},
 location = {Hersonissos, Greece},
 doi = {http://doi.acm.org/10.1145/380752.380844},
 publisher = {ACM Press},
 address = {New York, NY, USA},
}

@article{nagappan08,
 author = {Nagappan, Nachiappan and Maximilien, E. Michael and Bhat, Thirumalesh and Williams, Laurie},
 title = {Realizing Quality Improvement Through Test Driven Development: Results and Experiences of Four Industrial Teams},
 journal = {Empirical Software Engineering},
 issue_date = {June 2008},
 volume = {13},
 number = {3},
 month = jun,
 year = {2008},
 issn = {1382-3256},
 pages = {289--302},
 numpages = {14},
 url = {http://dx.doi.org/10.1007/s10664-008-9062-z},
 doi = {10.1007/s10664-008-9062-z},
 acmid = {1380664},
 publisher = {Kluwer Academic Publishers},
 address = {Hingham, MA, USA},
 keywords = {Defects/faults, Development time, Empirical study, Test driven development},
}

@book{nardi93,
 author = {Nardi, Bonnie A.},
 title = {A small matter of programming: perspectives on end user computing},
 year = {1993},
 isbn = {0-262-1405305},
 publisher = {MIT Press},
 address = {Cambridge, MA, USA},
}

@article{naugler10,
 author = {Naugler, David R.},
 title = {Concurrent programming in {Erlang}: pre-conference workshop},
 journal = {Journal of Computing Sciences in Colleges},
 issue_date = {May 2010},
 volume = {25},
 number = {5},
 month = may,
 year = {2010},
 issn = {1937-4771},
 pages = {6--7},
 numpages = {2},
 url = {http://dl.acm.org/citation.cfm?id=1747137.1747138},
 acmid = {1747138},
 publisher = {Consortium for Computing Sciences in Colleges},
 address = {USA},
}

@inproceedings{naur69,
 editor = {Peter Naur and Brian Randell},
 title = {Software Engineering: Report of a conference sponsored by the {NATO Science Committee}, 7--11 {October} 1968},
 location = {Garmisch, Germany},
 publisher = {Scientific Affairs Division, NATO},
 address = {Brussels},
 year = {1969}
}

@inproceedings{neamtiu08,
 author = {Neamtiu, Iulian and Hicks, Michael and Foster, Jeffrey S. and Pratikakis, Polyvios},
 title = {Contextual effects for version-consistent dynamic software updating and safe concurrent programming},
 booktitle = {Proceedings of the 35th Annual ACM SIGPLAN-SIGACT Symposium on Principles of Programming Languages},
 series = {POPL '08},
 year = {2008},
 isbn = {978-1-59593-689-9},
 location = {San Francisco, California, USA},
 pages = {37--49},
 numpages = {13},
 doi = {10.1145/1328438.1328447},
 acmid = {1328447},
 publisher = {ACM},
 address = {New York, NY, USA},
 keywords = {computation effects, contextual effects, data race detection, dynamic software updating, type and effect systems, version consistency},
}

@article{nethercote03,
 title = {Redux: A Dynamic Dataflow Tracer},
 author = {Nicholas Nethercote and Alan Mycroft},
 journal = {Electronic Notes in Theoretical Computer Science},
 number = {2},
 volume = {89},
 year = {2003},
 publisher = {Elsevier},
 address = {New York, NY, USA}
}

@inproceedings{nethercote07,
 author = {Nethercote, Nicholas and Seward, Julian},
 booktitle = {PLDI '07: Proceedings of the 2007 ACM SIGPLAN Conference on Programming Language Design and Implementation},
 location = {San Diego, California, USA},
 pages = {89--100},
 publisher = {ACM},
 title = {Valgrind: a framework for heavyweight dynamic binary instrumentation},
 year = {2007},
 address = {New York, NY, USA}
}

@inproceedings{nilsson92,
 author = {Nilsson, Henrik and Fritzon, Peter},
 title = {Algorithmic Debugging for Lazy Functional Languages},
 booktitle = {Proceedings of the 4th International Symposium on Programming Language Implementation and Logic Programming},
 series = {PLILP '92},
 year = {1992},
 isbn = {3-540-55844-6},
 pages = {385--399},
 numpages = {15},
 url = {http://dl.acm.org/citation.cfm?id=646448.692462},
 acmid = {692462},
 publisher = {Springer-Verlag},
 address = {London, UK},
}

@article{nilsson94,
 author = {Nilsson,Henrik and Fritzson,Peter},
 title = {Algorithmic debugging for lazy functional languages},
 journal = {Journal of Functional Programming},
 volume = {4},
 number = {03},
 pages = {337-369},
 year = {1994},
 doi = {10.1017/S095679680000109X},
 URL = {http://dx.doi.org/10.1017/S095679680000109X},
 eprint = {http://journals.cambridge.org/article_S095679680000109X},
}

@techreport{nilsson96,
 author = {Henrik Nilsson and Jan Sparud},
 title = {The evaluation dependence tree: an execution record for lazy functional debugging},
 type = {Research Report},
 number = {LiTH-IDA-R-96-23},
 institution = {Department of Computer and Information Science, Linköping University},
 address = {S-581 83, Linköping, Sweden},
 month = {August},
 year = {1996}
}

@article{nilsson97,
 author = {Henrik Nilsson and Jan Sparud},
 title = {The Evaluation Dependence Tree as a Basis for Lazy Functional Debugging},
 journal = {Automated Software Engineering: An International Journal},
 volume = {4},
 number = {2},
 month = {April},
 publisher = {Kluwer Academic Publishers},
 pages = {121--150},
 year = {1997}
}

@phdthesis{nilsson98,
 author = {Henrik Nilsson},
 title = {Declarative Debugging for Lazy Functional Languages},
 school = {Department of Computer and Information Science, {Link\"{o}pings universitet}},
 year = {1998},
 address = {S-581 83, {Link\"{o}ping}, Sweden},
 month = {May}
}

@inproceedings{nilsson99,
 author = "Henrik Nilsson",
 title = "Tracing piece by piece: affordable debugging for lazy functional languages",
 pages = "36--47",
 booktitle = "Proceedings of the 1999 {ACM SIGPLAN} International Conference on Functional Programming",
 year = 1999,
 publisher = "{ACM} Press",
 address = "Paris, France",
 month = sep
}

@article{nilsson2001,
 author = "Henrik Nilsson",
 title = "How to Look Busy while Being as Lazy as Ever: The Implementation of a Lazy Functional Debugger",
 journal = {Journal of Functional Programming},
 year = 2001,
 volume = 11,
 number = 6,
 pages = "629--671",
 month = nov
}

@inproceedings{nilsson02,
 author = {Henrik Nilsson and Antony Courtney and John Peterson},
 title = {Functional reactive programming, continued},
 booktitle = {Haskell '02: Proceedings of the 2002 ACM SIGPLAN Workshop on Haskell},
 year = {2002},
 isbn = {1-58113-605-6},
 pages = {51--64},
 location = {Pittsburgh, Pennsylvania},
 doi = {http://doi.acm.org/10.1145/581690.581695},
 publisher = {ACM},
 address = {New York, NY, USA}
}

@book{noble99,
 title = {Prototype-based Programming: Concepts, Languages and Applications},
 publisher = {Springer-Verlag},
 year = {1999},
 editor = {James Noble and Antero Taivalsaari and Ivan Moore},
 address = {Berlin, Germany}
}

@incollection{noonan11,
 author = {Noonan, Harold},
 title = {Identity},
 booktitle = {The Stanford Encyclopedia of Philosophy},
 editor = {Edward N. Zalta},
 howpublished = {\url{http://plato.stanford.edu/archives/win2011/entries/identity/}},
 year =	{2011},
 edition = {Winter}
}

@inproceedings{nordlander97,
 author = {Johan Nordlander and Magnus Carlsson},
 title = {Reactive Objects in a Functional Language - an escape from the Evil ``{I}''},
 booktitle = {Proceedings of the Third Haskell Workshop},
 year = {1997},
 url = {http://www.cs.chalmers.se/\textasciitilde{}nordland/ohaskell/reactive.ps.gz}
}

@phdthesis{nordlander99,
 author = {Johan Nordlander},
 title = {Reactive Objects and Functional Programming},
 school = {Department of Computing Science, Chalmers University of Technology},
 address = {G\"{o}teborg, Sweden},
 year = {1999}
}

@inproceedings{nystrom04,
 author = {Nathaniel Nystrom and Stephen Chong and Andrew C. Myers},
 title = {Scalable extensibility via nested inheritance},
 booktitle = {OOPSLA '04: Proceedings of the 19th Annual ACM SIGPLAN Conference on Object-Oriented Programming, Systems, Languages, and Applications},
 year = {2004},
 isbn = {1-58113-831-9},
 pages = {99--115},
 location = {Vancouver, BC, Canada},
 doi = {http://doi.acm.org/10.1145/1028976.1028986},
 publisher = {ACM Press},
 address = {New York, NY, USA},
}

% -------------------------------------------------------------------------------
%                O
% -------------------------------------------------------------------------------

@techreport{odersky04,
 author = {Martin Odersky and Philippe Altherr and Vincent Cremet and Burak Emir},
 title = {An Overview of the {Scala} Programming Language},
 number = {IC/2004/64},
 institution = {\'Ecole Polytechnique F\'ed\'erale de Lausanne},
 year = {2004}
}


@article{ochoa08,
 author = {Ochoa, Claudio and Silva, Josep and Vidal, Germ\'{a}n},
 title = {Dynamic slicing of lazy functional programs based on redex trails},
 journal = {Higher Order Symbolic Computation},
 volume = {21},
 number = {1-2},
 year = {2008},
 issn = {1388-3690},
 pages = {147--192},
 doi = {http://dx.doi.org/10.1007/s10990-008-9023-7},
 publisher = {Kluwer Academic Publishers},
 address = {Hingham, MA, USA},
}

@book{OED09,
 title = {Oxford English Dictionary},
 year = {2009},
 publisher = {Oxford University Press},
 address = {Oxford, UK},
 edition = {Third edition}
}

@book{okasaki99,
 author = {Okasaki, Chris},
 publisher = {Cambridge University Press},
 title = {Purely Functional Data Structures},
 year = {1999},
 address = {Cambridge, UK}
}

@inproceedings{okamura04,
 author = {Okamura, Toshiyuki and Shizuki, Buntarou and Tanaka, Jiro},
 title = {Execution Visualization and Debugging in Three-Dimensional Visual Programming},
 booktitle = {IV '04: Proceedings of the Information Visualisation, Eighth International Conference},
 year = {2004},
 isbn = {0-7695-2177-0},
 pages = {167--172},
 doi = {http://dx.doi.org/10.1109/IV.2004.55},
 publisher = {IEEE Computer Society},
 address = {Washington, DC, USA}
}

% -------------------------------------------------------------------------------
%                P
% -------------------------------------------------------------------------------

@incollection{pardo00,
 author = {Alberto Pardo},
 title = {Towards Merging Recursion and Comonads},
 booktitle = {Proceedings of the 2nd Workshop on Generic Programming, {WGP} 2000},
 location = {Ponte de Lima, Portugal},
 editor = {Johan Jeuring},
 pages = {50--68},
 year = {2000},
}

@misc{park04,
 author = {Sungwoo Park and Robert Harper},
 title = {A modal language for effects},
 url = {http://www-2.cs.cmu.edu/\textasciitilde{}rwh/papers/modaleff/short.pdf},
 year = {2004}
}

@inproceedings{paterson01,
 author = {Ross Paterson},
 title = {A new notation for arrows},
 booktitle = {ICFP '01: Proceedings of the Sixth ACM SIGPLAN International Conference on Functional Programming},
 year = {2001},
 isbn = {1-58113-415-0},
 pages = {229--240},
 location = {Florence, Italy},
 doi = {http://doi.acm.org/10.1145/507635.507664},
 publisher = {ACM},
 address = {New York, NY, USA}
}

@incollection{peirce98,
 author = {Peirce, Charles Sanders},
 title = {Harvard Lectures on Pragmatism},
 booktitle = {The Essential Peirce},
 volume = {2},
 editor = {The Peirce Edition Project},
 address = {Bloomington, IN, USA},
 publisher = {Indiana University Press},
 year={1998}
}

@incollection {pereira86,
 author = {Pereira, Lu\'{i}s},
 affiliation = {Universidade Nova de Lisboa Portugal Portugal},
 title = {Rational debugging in logic programming},
 booktitle = {Third International Conference on Logic Programming},
 series = {Lecture Notes in Computer Science},
 editor = {Shapiro, Ehud},
 publisher = {Springer},
 address = {Berlin / Heidelberg},
 isbn = {978-3-540-16492-0},
 keyword = {Computer Science},
 pages = {203-210},
 volume = {225},
 year = {1986}
}

@inproceedings{perera04,
 author = {Roly Perera},
 title = {Refactoring: to the {Rubicon}... and beyond!},
 booktitle = {OOPSLA '04: Companion to the 19th annual ACM SIGPLAN Conference on Object-Oriented Programming, Systems, Languages, and Applications},
 year = {2004},
 isbn = {1-58113-833-4},
 pages = {2--3},
 location = {Vancouver, BC, Canada},
 doi = {http://doi.acm.org/10.1145/1028664.1028666},
 publisher = {ACM Press},
 address = {New York, NY, USA},
}

@inproceedings{perera05,
 author = {Roly Perera and Jeff Foster and Gy\"{o}rgy Koch},
 title = {A delta-driven execution model for semantic computing},
 booktitle = {OOPSLA '05: Companion to the 20th Annual ACM SIGPLAN Conference on Object-Oriented Programming, Systems, Languages, and Applications},
 year = {2005},
 isbn = {1-59593-193-7},
 pages = {63--71},
 location = {San Diego, CA, USA},
 doi = {http://doi.acm.org/10.1145/1094855.1094871},
 publisher = {ACM Press},
 address = {New York, NY, USA},
}

@inproceedings{perera05a,
 author = {Roly Perera and Russ Freeman},
 title = {Beyond the language workbench: a runtime platform for practical semantic computing},
 booktitle = {OOPSLA '05: Companion to the 20th Annual ACM SIGPLAN Conference on Object-Oriented Programming, Systems, Languages, and Applications},
 year = {2005},
 isbn = {1-59593-193-7},
 pages = {96--97},
 location = {San Diego, CA, USA},
 doi = {http://doi.acm.org/10.1145/1094855.1094881},
 publisher = {ACM},
 address = {New York, NY, USA}
}

@inproceedings{perera08,
 author = {Roly Perera},
 year = {2008},
 title = {Programming languages for interactive computing},
 booktitle = {Proceedings of the 2nd Workshop on the Foundations of Interactive Computation},
 location = {Braga, Portugal},
 series = {Electronic Notes in Theoretical Computer Science},
 volume = {203},
 number = {3},
 pages = {33--52},
 publisher = {Elsevier},
 address = {New York, NY, USA}
}

@techreport{perera09,
 author = {Roly Perera},
 title = {Interactive Programming},
 institution = {University of Birmingham, School of Computer Science},
 number = {CSR-09-05},
 month = {June},
 year = {2009},
 url = {ftp://ftp.cs.bham.ac.uk/pub/tech-reports/2009/CSR-09-05.pdf}
}

@techreport{perera09b,
 author = {Roly Perera},
 title = {A first-order interactive programming language},
 institution = {University of Birmingham, School of Computer Science},
 number = {CSR-09-09},
 month = {November},
 year = {2009}
}

@inproceedings{perera10,
 editor = {M. Carro and R. Pe{\~{n}}a},
 author = {Roly Perera},
 year = {2010},
 title = {First-order interactive programming},
 booktitle = {PADL 2010: Proceedings of the 12th International Symposium on the Practical Aspects of Declarative Languages},
 series = {Lecture Notes in Computer Science},
 volume = {5937},
 pages = {186--200},
 location = {Madrid, Spain},
 publisher = {Springer},
 address = {Heidelberg}
}

@techreport{perera10b,
 author = {Roly Perera and Umut A. Acar and James Cheney},
 title = {Interactive debugging with traces and trace slices},
 institution = {University of Birmingham, School of Computer Science},
 number = {CSR-11-02},
 month = {August},
 year = {2010}
}

@inproceedings{perera12a,
 author = {Perera, Roly and Acar, Umut A. and Cheney, James and Levy, Paul Blain},
 title = {Functional Programs That Explain Their Work},
 booktitle = {Proceedings of the 17th ACM SIGPLAN International Conference on Functional Programming},
 series = {ICFP '12},
 year = {2012},
 isbn = {978-1-4503-1054-3},
 location = {Copenhagen, Denmark},
 pages = {365--376},
 numpages = {12},
 url = {http://doi.acm.org/10.1145/2364527.2364579},
 doi = {10.1145/2364527.2364579},
 acmid = {2364579},
 publisher = {ACM},
 address = {New York, NY, USA},
 keywords = {debugging, program slicing, provenance},
}

@techreport{perera12b,
  author = "Roly Perera and Umut A. Acar and James Cheney and Paul Blain Levy",
  title = "Functional Programs that Explain their Work",
  institution = "Max Planck Institute for Software Systems",
  year = "2012",
  month = "July",
  number = "MPI-SWS-2012-003"
}

@phdthesis{perera13,
  author = {Roland Perera},
  title = {Interactive Functional Programming},
  school = {University of Birmingham},
  address = {Birmingham, UK},
  year = {2013},
  month = {July},
  note = {\url{http://etheses.bham.ac.uk/4209/}}
}

@techreport{perera13a,
  author = "Roly Perera and Deepak Garg and Umut Acar",
  title = "Concurrent Self-Explaining Computation",
  institution = "Max Planck Institute for Software Systems",
  year = "2013",
  month = "July",
  number = "MPI-SWS-2013-004",
  note = {\url{http://www.mpi-sws.org/tr/2013-004.pdf}}
}

@inproceedings{perlin93,
 author = {Perlin, Ken and Fox, David},
 title = {Pad: an alternative approach to the computer interface},
 booktitle = {Proceedings of the 20th Annual Conference on Computer Graphics and Interactive Techniques},
 series = {SIGGRAPH '93},
 year = {1993},
 isbn = {0-89791-601-8},
 location = {Anaheim, CA},
 pages = {57--64},
 numpages = {8},
 url = {http://doi.acm.org/10.1145/166117.166125},
 doi = {10.1145/166117.166125},
 acmid = {166125},
 publisher = {ACM},
 address = {New York, NY, USA},
}

@article{perlis82,
 title = {Epigrams on Programming},
 author = {Alan J. Perlis},
 journal = {SIGPLAN Notices},
 volume = {17},
 number = {9},
 year = {1982},
 pages = {7--13},
 publisher = {ACM Press},
 address = {New York, NY, USA}
}

@book{peytonJones87,
 author = {Simon L.~Peyton Jones},
 title = {The Implementation of Functional Programming Languages},
 series = {Series in Computer Science},
 publisher = {Prentice-Hall International},
 year = 1987,
 note = {ISBN 0-13-453325-9},
 topics = {FP - General}
}

@inproceedings{peytonJones93,
 author = {Simon L.~Peyton Jones and Philip Wadler},
 title = {Imperative functional programming},
 booktitle = {POPL '93: Proceedings of the 20th ACM SIGPLAN-SIGACT Symposium on Principles of Programming Languages},
 year = {1993},
 isbn = {0-89791-560-7},
 pages = {71--84},
 location = {Charleston, South Carolina, USA},
 doi = {http://doi.acm.org/10.1145/158511.158524},
 publisher = {ACM Press},
 address = {New York, NY, USA},
}

@inproceedings{peytonJones96,
 author = {Simon L.~Peyton Jones and Andrew Gordon and Sigbjorn Finne},
 title = {Concurrent {Haskell}},
 booktitle = {Conference Record of {POPL} '96: The $23^{\mathrm{rd}}$ {ACM} {SIGPLAN}-{SIGACT} Symposium on Principles of Programming Languages},
 month = {21--24},
 address = {St.\ Petersburg Beach, Florida},
 pages = {295--308},
 year = {1996},
 url = {citeseer.ist.psu.edu/jones96concurrent.html}
}

@inproceedings{peytonJones99,
 author = {Simon Peyton Jones and Alastair Reid and Fergus Henderson and Tony Hoare and Simon Marlow},
 title = {A semantics for imprecise exceptions},
 booktitle = {PLDI '99: Proceedings of the ACM SIGPLAN 1999 Conference on Programming Language Design and Implementation},
 year = {1999},
 isbn = {1-58113-094-5},
 pages = {25--36},
 location = {Atlanta, Georgia, USA},
 doi = {http://doi.acm.org/10.1145/301618.301637},
 publisher = {ACM Press},
 address = {New York, NY, USA},
}

@inproceedings{peytonJones00,
 author = {Simon L.~Peyton Jones},
 title = {Tackling the awkward squad: monadic input/output, concurrency, exceptions, and foreign-language calls in {Haskell}},
 booktitle = {2000 Marktoberdorf Summer School},
 year = {2000},
 url = {http://research.microsoft.com/Users/simonpj/papers/marktoberdorf.ps.gz},
 url = {http://research.microsoft.com/Users/simonpj/papers/Marktoberdorf.ppt}
}

@article{peytonJones03,
 author = {Simon L.~Peyton Jones},
 title = {Haskell 98: Introduction},
 journal = {Journal of Functional Programming},
 volume = {13},
 number = {1},
 year = {2003},
 pages = {0--6},
 ee = {http://dx.doi.org/10.1017/S0956796803000315},
 bibsource = {DBLP, http://dblp.uni-trier.de}
}

@inproceedings{peytonJones03b,
 author = {Jones, Simon Peyton and Blackwell, Alan and Burnett, Margaret},
 title = {A user-centred approach to functions in Excel},
 booktitle = {Proceedings of the Eighth ACM SIGPLAN International Conference on Functional Programming},
 series = {ICFP '03},
 year = {2003},
 isbn = {1-58113-756-7},
 location = {Uppsala, Sweden},
 pages = {165--176},
 numpages = {12},
 doi = {10.1145/944705.944721},
 acmid = {944721},
 publisher = {ACM},
 address = {New York, NY, USA},
}

@incollection{pfeffer07,
 author = {Avi Pfeffer},
 title = {The Design and Implementation of {IBAL}: A General-Purpose Probabilistic Language},
 booktitle = {Introduction to Statistical Relational Learning},
 editor = {Lise Getoor and Ben Taskar},
 chapter = {14},
 pages = {399--432},
 year = {2007},
 publisher = {The MIT Press},
 address = {Cambridge, MA, USA}
}

@article{pfenning01,
 author = {Frank Pfenning and Rowan Davies},
 title = {A judgemental reconstruction of modal logic},
 journal = {Mathematical Structures in Computer Science},
 volume = {11},
 number = {4},
 pages = {511-540},
 year = {2001}
}

@inproceedings{phillips06,
 author = {Iain Phillips and Irek Ulidowski},
 title = {Reversing algebraic process calculi},
 booktitle = {FOSSACS '06},
 volumne = {3921},
 series = {Lecture Notes in Computer Science},
 year = {2006},
 pages = {246--260},
 publisher = {Springer}
}

@book{pierce91,
 title = {Basic Category Theory for Computer Scientists},
 author = {Benjamin C. Pierce},
 publisher = {The MIT Press},
 address = {Cambridge, MA, USA},
 year = {1991}
}

@incollection{pierce00,
 author = {Benjamin C. Pierce and David N. Turner},
 title = {Pict: A Programming Language Based on the Pi-Calculus},
 booktitle = {Proof, Language and Interaction: Essays in Honour of Robin Milner},
 publisher = {MIT Press},
 editor = {G. Plotkin and C. Stirling and M. Tofte},
 year = {2000}
}

@inbook{plaice96,
 author = {John Plaice and Joey Paquet},
 title = {Introduction to intensional programming},
 booktitle = {Intensional Programming},
 volume = {I},
 pages = {1--14},
 publisher = {World Scientific},
 address = {Singapore},
 year = {1996}
}

@inproceedings{plaice00,
 author = {John Plaice},
 title = {{Multidimensional Lucid}: Design, Semantics and Implementation},
 series = {Lecture Notes in Computer Science},
 publisher = {Springer},
 volume = {1830/2000},
 booktitle = {Distributed Communities on the Web: Third International Workshop, DCW 2000},
 year = {2000}
}

@article{plotkin75,
 author = {Gordon Plotkin},
 title = {Call-by-Name, Call-by-Value and the Lambda Calculus},
 journal = {Theoretical Computer Science},
 volume = {1},
 pages = {125--159},
 year = {1975},
 publisher = {North-Holland Publishing Company}
}

@article{plotkin77,
 author = {Gordon D. Plotkin},
 title = {{LCF} Considered as a Programming Language},
 journal = {Theoretical Computer Science},
 volume = {5},
 number = {3},
 year = {1977},
 pages = {223-255},
 ee = {http://dx.doi.org/10.1016/0304-3975(77)90044-5},
 bibsource = {DBLP, http://dblp.uni-trier.de}
}

@inproceedings{pothier11,
 author = {Pothier, Guillaume and Tanter, \'{E}ric},
 title = {Summarized trace indexing and querying for scalable back-in-time debugging},
 booktitle = {Proceedings of the 25th European Conference on Object-Oriented Programming},
 series = {ECOOP'11},
 year = {2011},
 isbn = {978-3-642-22654-0},
 location = {Lancaster, UK},
 pages = {558--582},
 numpages = {25},
 url = {http://dl.acm.org/citation.cfm?id=2032497.2032534},
 acmid = {2032534},
 publisher = {Springer-Verlag},
 address = {Berlin, Heidelberg},
}

@techreport{pugh88,
 number = {TR88-936},
 author = {William W. Pugh},
 title = {Incremental Computation and the Incremental Evaluation of Functional Programs},
 year = {1988},
 institution = {Cornell University},
 address = {Ithaca, NY, USA},
}

@inproceedings{pugh89,
 author = {William W. Pugh and T. Teitelbaum},
 title = {Incremental computation via function caching},
 booktitle = {POPL '89: Proceedings of the 16th ACM SIGPLAN-SIGACT Symposium on Principles of Programming Languages},
 year = {1989},
 isbn = {0-89791-294-2},
 pages = {315--328},
 location = {Austin, Texas, USA},
 doi = {http://doi.acm.org/10.1145/75277.75305},
 publisher = {ACM Press},
 address = {New York, NY, USA},
}

% -------------------------------------------------------------------------------
%                Q
% -------------------------------------------------------------------------------

% -------------------------------------------------------------------------------
%                R
% -------------------------------------------------------------------------------

@article{rapaport97,
 author = {William Rapaport},
 year = {1997},
 title = {Implementation is Semantic Interpretation},
 journal = {The Monist},
 volume = {82},
 number = {1},
 address = {Buffalo, NY, USA}
}

@inproceedings{regev01,
 title = {Representation and simulation of molecular pathways in the stochastic $\pi$-calculus},
 author = {Aviv Regev},
 booktitle = {2nd Workshop on Computation of Biochemical Pathways and Genetic Networks},
 year = {2001}
}

@inproceedings{reichwein99,
 author = {Reichwein, James and Rothermel, Gregg and Burnett, Margaret},
 title = {Slicing spreadsheets: an integrated methodology for spreadsheet testing and debugging},
 booktitle = {Proceedings of the 2nd conference on Conference on Domain-Specific Languages - Volume 2},
 series = {DSL'99},
 year = {1999},
 location = {Austin, Texas},
 pages = {3},
 numpages = {1},
 acmid = {1267939},
 publisher = {USENIX Association},
 address = {Berkeley, CA, USA},
}

@article{reiss07,
 author = {Reiss, Steven P.},
 title = {Visual representations of executing programs},
 journal = {Journal of Visual Languages and Computing},
 issue_date = {April, 2007},
 volume = {18},
 number = {2},
 month = apr,
 year = {2007},
 issn = {1045-926X},
 pages = {126--148},
 numpages = {23},
 url = {http://dx.doi.org/10.1016/j.jvlc.2007.01.003},
 doi = {10.1016/j.jvlc.2007.01.003},
 acmid = {1230422},
 publisher = {Academic Press, Inc.},
 address = {Orlando, FL, USA},
 keywords = {Execution visualization, Programming environments, Software tools, Software visualization},
}

@phdthesis{repenning93,
 author = {Repenning, Alexander},
 title = {Agentsheets: a tool for building domain-oriented dynamic, visual environments},
 year = {1993},
 school = {University of Colorado at Boulder},
 address = {Boulder, CO, USA},
}

@inproceedings{reynolds72,
 author = {John C. Reynolds},
 title = {Definitional interpreters for higher-order programming languages},
 booktitle = {{ACM} '72: Proceedings of the {ACM} Annual Conference},
 year = {1972},
 pages = {717--740},
 location = {Boston, Massachusetts, United States},
 doi = {http://doi.acm.org/10.1145/800194.805852},
 publisher = {ACM},
 address = {New York, NY, USA},
}

@article{reynolds98,
 author = {John C. Reynolds},
 title = {Definitional Interpreters Revisited},
 journal = {Higher-Order and Symbolic Computation},
 volume = {11},
 number = {4},
 year = {1998},
 issn = {1388-3690},
 pages = {355--361},
 doi = {http://dx.doi.org/10.1023/A:1010075320153},
 publisher = {Kluwer Academic Publishers},
 address = {Hingham, MA, USA},
}

% -------------------------------------------------------------------------------
%                S
% -------------------------------------------------------------------------------

@inproceedings{saff04,
 author = {David Saff and Michael D. Ernst},
 title = {Continuous testing in {Eclipse}},
 booktitle = {2nd Eclipse Technology Exchange Workshop (eTX)},
 address = {Barcelona, Spain},
 year = {2004}
}

@inproceedings{salkeld11,
 author = {Salkeld, Robin and Xu, Wenhao and Cully, Brendan and Lefebvre, Geoffrey and Warfield, Andrew and Kiczales, Gregor},
 title = {Retroactive aspects: programming in the past},
 booktitle = {Proceedings of the Ninth International Workshop on Dynamic Analysis},
 series = {WODA '11},
 year = {2011},
 isbn = {978-1-4503-0811-3},
 location = {Toronto, Ontario, Canada},
 pages = {29--34},
 numpages = {6},
 url = {http://doi.acm.org/10.1145/2002951.2002960},
 doi = {10.1145/2002951.2002960},
 acmid = {2002960},
 publisher = {ACM},
 address = {New York, NY, USA},
 keywords = {aspect-oriented programming, deterministic replay, dynamic analysis, execution mining},
}

@article{santori90,
 author = {Santori, M.},
 title = {An instrument that isn't really [Laboratory Virtual Instrument Engineering Workbench]},
 journal = {IEEE Spectr.},
 issue_date = {August 1990},
 volume = {27},
 number = {8},
 month = aug,
 year = {1990},
 issn = {0018-9235},
 pages = {36--39},
 numpages = {4},
 url = {http://dx.doi.org/10.1109/6.58432},
 doi = {10.1109/6.58432},
 acmid = {2241938},
 publisher = {IEEE Press},
 address = {Piscataway, NJ, USA},
}

@article{sculthorpe10,
 author = {Sculthorpe, Neil and Nilsson, Henrik},
 title = {Keeping calm in the face of change},
 journal = {Higher-Order and Symbolic Computation},
 issue_date = {June 2010},
 volume = {23},
 number = {2},
 month = jun,
 year = {2010},
 issn = {1388-3690},
 pages = {227--271},
 numpages = {45},
 doi = {10.1007/s10990-011-9068-x},
 acmid = {2070840},
 publisher = {Kluwer Academic Publishers},
 address = {Hingham, MA, USA},
 keywords = {Change propagation, Domain-specific languages, Functional reactive programming, Hybrid systems, Synchronous data-flow},
}

@inproceedings{seppanen00,
 author = {Seppanen, Marvin S.},
 title = {Modeling for application: developing industrial strength simulation models using {Visual Basic for Applications (VBA)}},
 booktitle = {Proceedings of the 32nd Conference on Winter Simulation},
 series = {WSC '00},
 year = {2000},
 isbn = {0-7803-6582-8},
 location = {Orlando, Florida},
 pages = {77--82},
 numpages = {6},
 url = {http://dl.acm.org/citation.cfm?id=510378.510395},
 acmid = {510395},
 publisher = {Society for Computer Simulation International},
 address = {San Diego, CA, USA},
}

@inproceedings{shahmehri90,
 author={Shahmehri, N. and Kamkar, M. and Fritzson, P.},
 booktitle={Software Maintenance, 1990., Proceedings., Conference on}, title={Semi-automatic bug localization in software maintenance},
 year={1990},
 month={nov},
 volume={},
 number={},
 pages={30--36},
 doi={10.1109/ICSM.1990.131319},
}

@inproceedings{shapira02,
 author = {Shapira, Dana and Storer, James A.},
 title = {Edit Distance with Move Operations},
 booktitle = {Proceedings of the 13th Annual Symposium on Combinatorial Pattern Matching},
 series = {CPM '02},
 year = {2002},
 isbn = {3-540-43862-9},
 pages = {85--98},
 numpages = {14},
 url = {http://dl.acm.org/citation.cfm?id=647821.736368},
 acmid = {736368},
 publisher = {Springer-Verlag},
 address = {London, UK},
}

@book{shapiro83,
 title = {Algorithmic program debugging},
 author = {Ehud Y. Shapiro},
 publisher = {MIT Press},
 address = {Cambridge, MA, USA},
 year = {1983},
 series = {ACM Distinguished Dissertations}
}

@inproceedings{shavit95,
 author = {Nir Shavit and Dan Touitou},
 title = {Software transactional memory},
 booktitle = {PODC '95: Proceedings of the Fourteenth Annual ACM Symposium on Principles of Distributed Computing},
 year = {1995},
 isbn = {0-89791-710-3},
 pages = {204--213},
 location = {Ottowa, Ontario, Canada},
 doi = {http://doi.acm.org/10.1145/224964.224987},
 publisher = {ACM Press},
 address = {New York, NY, USA},
}

@inproceedings{shivers05,
 title = {Bottom-up $\beta$-reduction: uplinks and $\lambda$-{DAG}s},
 author = {Olin Shivers and Mitchell Wand},
 booktitle = {Proceedings of the 14th European Symposium on Programming (ESOP 2005)},
 pages = {217--232},
 series = {Lecture Notes in Computer Science},
 volume = {3444},
 publisher = {Springer}
}

@article{shneiderman83,
 author = {Shneiderman, B.},
 title = {Direct Manipulation: A Step Beyond Programming Languages},
 journal = {Computer},
 issue_date = {August 1983},
 volume = {16},
 number = {8},
 month = aug,
 year = {1983},
 issn = {0018-9162},
 pages = {57--69},
 numpages = {13},
 url = {http://dx.doi.org/10.1109/MC.1983.1654471},
 doi = {10.1109/MC.1983.1654471},
 acmid = {1320072},
 publisher = {IEEE Computer Society Press},
 address = {Los Alamitos, CA, USA},
}

@inproceedings{silva06,
 author = {Silva, Josep and Chitil, Olaf},
 title = {Combining algorithmic debugging and program slicing},
 booktitle = {Proceedings of the 8th ACM SIGPLAN International Conference on Principles and Practice of Declarative Programming},
 series = {PPDP '06},
 year = {2006},
 isbn = {1-59593-388-3},
 location = {Venice, Italy},
 pages = {157--166},
 numpages = {10},
 url = {http://doi.acm.org/10.1145/1140335.1140355},
 doi = {10.1145/1140335.1140355},
 acmid = {1140355},
 publisher = {ACM},
 address = {New York, NY, USA},
 keywords = {algorithmic debugging, program slicing},
}

@article{silva12,
 author = {Silva, Josep},
 title = {A vocabulary of program slicing-based techniques},
 journal = {ACM Comput. Surv.},
 issue_date = {June 2012},
 volume = {44},
 number = {3},
 month = jun,
 year = {2012},
 issn = {0360-0300},
 pages = {12:1--12:41},
 articleno = {12},
 numpages = {41},
 url = {http://doi.acm.org/10.1145/2187671.2187674},
 doi = {10.1145/2187671.2187674},
 acmid = {2187674},
 publisher = {ACM},
 address = {New York, NY, USA},
 keywords = {Program slicing, software engineering},
}

@article{simmhan05,
 author = {Yogesh Simmhan and Beth Plale and Dennis Gannon},
 title = {A survey of data provenance in e-science.},
 journal = {SIGMOD Record},
 volume = {34},
 number = {3},
 year = {2005},
 pages = {31--36},
 ee = {http://OPTdoi.acm.org/10.1145/1084812},
 bibsource = {DBLP, http://dblp.uni-trier.de}
}

@techreport{simonyi95,
 author = {Charles Simonyi},
 title = {The Death of Computer Languages, the Birth of Intentional Programming},
 institution = {Microsoft Research},
 year = {1995},
 number = {MSR-TR-95-52},
 address = {Redmond, WA, USA},
 month = {September},
 postscript = {dclbip-tr.ps.gz},
 url = {dclbip-tr.ps.gz}
}

@phdthesis{smith75,
 author = {Smith, David Canfield},
 title = {Pygmalion: a creative programming environment},
 year = {1975},
 note = {AAI7525608},
 publisher = {Stanford University},
 address = {Stanford, CA, USA},
}

@inproceedings{smith86,
 author = {Smith, Randall B.},
 title = {Experiences with the alternate reality kit: an example of the tension between literalism and magic},
 booktitle = {Proceedings of the SIGCHI/GI Conference on Human Factors in Computing Systems and Graphics Interface},
 series = {CHI '87},
 year = {1987},
 isbn = {0-89791-213-6},
 location = {Toronto, Ontario, Canada},
 pages = {61--67},
 numpages = {7},
 url = {http://doi.acm.org/10.1145/29933.30861},
 doi = {10.1145/29933.30861},
 acmid = {30861},
 publisher = {ACM},
 address = {New York, NY, USA},
}

@inproceedings{sorensen10,
 author = {Sorensen, Andrew and Gardner, Henry},
 title = {Programming with time: cyber-physical programming with impromptu},
 booktitle = {Proceedings of the ACM International Conference on Object-Oriented Programming, Systems, Languages, and Applications},
 series = {OOPSLA '10},
 year = {2010},
 isbn = {978-1-4503-0203-6},
 location = {Reno/Tahoe, Nevada, USA},
 pages = {822--834},
 numpages = {13},
 url = {http://doi.acm.org/10.1145/1869459.1869526},
 doi = {10.1145/1869459.1869526},
 acmid = {1869526},
 publisher = {ACM},
 address = {New York, NY, USA},
 keywords = {concurrency, cyber-physical systems, impromptu, livecoding, time},
}

@inproceedings{souder01,
 author = {Souder, Tim and Mancoridis, Spiros and Salah, Maher},
 title = {Form: A Framework for Creating Views of Program Executions},
 booktitle = {Proceedings of the IEEE International Conference on Software Maintenance (ICSM'01)},
 series = {ICSM '01},
 year = {2001},
 isbn = {0-7695-1189-9},
 pages = {612--},
 url = {http://dx.doi.org/10.1109/ICSM.2001.972778},
 doi = {10.1109/ICSM.2001.972778},
 acmid = {848654},
 publisher = {IEEE Computer Society},
 address = {Washington, DC, USA},
}

@inproceedings{souilah09,
 author = {Souilah, Issam and Francalanza, Adrian and Sassone, Vladimiro},
 title = {A formal model of provenance in distributed systems},
 booktitle = {First workshop on on Theory and practice of provenance},
 series = {TAPP'09},
 year = {2009},
 location = {San Francisco, CA},
 pages = {1:1--1:11},
 articleno = {1},
 numpages = {11},
 url = {http://dl.acm.org/citation.cfm?id=1525932.1525933},
 acmid = {1525933},
 publisher = {USENIX Association},
 address = {Berkeley, CA, USA},
}

@inproceedings{sparud95,
 author = {Jan Sparud and Henrik Nilsson},
 title = {The Architecture of a Debugger for Lazy Functional Languages},
 editor = {Mireille Ducass\'{e}},
 booktitle = {Proceedings of the 2nd International Workshop on Automated and Algorithmic Debugging (AADEBUG '95)},
 year = {1995},
 address = {Saint-Malo, France},
 month = {May}
}

@inproceedings{sparud97,
 author = {Sparud, Jan and Runciman, Colin},
 title = {Tracing Lazy Functional Computations Using Redex Trails},
 booktitle = {PLILP '97: Proceedings of the 9th International Symposium on Programming Languages: Implementations, Logics, and Programs},
 year = {1997},
 isbn = {3-540-63398-7},
 pages = {291--308},
 publisher = {Springer-Verlag},
 address = {London, UK}
}

@article{staudtLerner00,
 author = {Barbara Staudt Lerner},
 title = {A model for compound type changes encountered in schema evolution},
 journal = {ACM Trans. Database Syst.},
 volume = {25},
 number = {1},
 year = {2000},
 issn = {0362-5915},
 pages = {83--127},
 doi = {http://doi.acm.org/10.1145/352958.352983},
 publisher = {ACM Press},
 address = {New York, NY, USA},
}

@inproceedings{steele77,
 author = {Steele,Jr., Guy Lewis},
 title = {Debunking the ``expensive procedure call'' myth or,
                  procedure call implementations considered harmful
                  or, {LAMBDA}: The Ultimate {GOTO}},
 booktitle = {Proceedings of the 1977 Annual Conference},
 series = {ACM '77},
 year = {1977},
 pages = {153--162},
 numpages = {10},
 url = {http://doi.acm.org/10.1145/800179.810196},
 doi = {10.1145/800179.810196},
 acmid = {810196},
 publisher = {ACM},
 address = {New York, NY, USA}
}

@book{stoltenberg-hansen94,
 author = {Stoltenberg-Hansen, Viggo and Lindstr\"{o}m, Ingrid and Griffor, Edward R.},
 title = {Mathematical Theory of Domains},
 year = {1994},
 isbn = {0-521-38344-7},
 publisher = {Cambridge University Press},
 address = {New York, NY, USA},
}

@article{stoyle07,
 author = {Stoyle, Gareth and Hicks, Michael and Bierman, Gavin and Sewell, Peter and Neamtiu, Iulian},
 title = {Mutatis Mutandis: safe and predictable dynamic software updating},
 journal = {ACM Transactions on Programming Languages and Systems (TOPLAS)},
 issue_date = {August 2007},
 volume = {29},
 number = {4},
 month = aug,
 year = {2007},
 issn = {0164-0925},
 articleno = {22},
 doi = {10.1145/1255450.1255455},
 acmid = {1255455},
 publisher = {ACM},
 address = {New York, NY, USA},
 keywords = {Dynamic software updating, Proteus, capability, type inference, updateability analysis},
}

@inproceedings{sumner10,
 author = {Sumner, William N. and Zhang, Xiangyu},
 title = {Memory indexing: canonicalizing addresses across executions},
 booktitle = {Proceedings of the Eighteenth ACM SIGSOFT International Symposium on Foundations of Software Engineering},
 series = {FSE '10},
 year = {2010},
 isbn = {978-1-60558-791-2},
 location = {Santa Fe, New Mexico, USA},
 pages = {217--226},
 numpages = {10},
 url = {http://doi.acm.org/10.1145/1882291.1882324},
 doi = {10.1145/1882291.1882324},
 acmid = {1882324},
 publisher = {ACM},
 address = {New York, NY, USA},
 keywords = {aliasing, automated debugging, execution indexing, memory indexing},
}

@inproceedings{sundaresh91,
 author = {Raman Srinivas Sundaresh and Paul Hudak},
 title = {A theory of incremental computation and its application},
 booktitle = {POPL '91: Proceedings of the 18th ACM SIGPLAN-SIGACT Symposium on Principles of Programming Languages},
 year = {1991},
 isbn = {0-89791-419-8},
 pages = {1--13},
 location = {Orlando, Florida, USA},
 doi = {http://doi.acm.org/10.1145/99583.99587},
 publisher = {ACM Press},
 address = {New York, NY, USA},
}

@phdthesis{sundaresh92,
 author = {Raman Srinivas Sundaresh},
 title = {Incremental computation via partial evaluation},
 year = {1992},
 school = {Yale University},
 address = {New Haven, CT, USA}
}

@inproceedings{sutherland63,
 author = {Sutherland, Ivan E.},
 title = {Sketchpad: a man-machine graphical communication system},
 booktitle = {Proceedings of the May 21-23, 1963, Spring Joint Computer Conference},
 series = {AFIPS '63 (Spring)},
 year = {1963},
 location = {Detroit, Michigan},
 pages = {329--346},
 numpages = {18},
 url = {http://doi.acm.org/10.1145/1461551.1461591},
 doi = {10.1145/1461551.1461591},
 acmid = {1461591},
 publisher = {ACM},
 address = {New York, NY, USA},
}

@phdthesis{sutherland66,
 author = {William R. Sutherland},
 title = {The on-line graphical specification of computer procedures},
 year = {1966},
 school = {Department of Electrical Engineering, MIT},
 address = {Cambridge, MA, USA}
}

@inproceedings{swamy08,
 author = {Nikhil Swamy and Brian J. Corcoran and Michael Hicks},
 title = {Fable: A Language for Enforcing User-defined Security Policies},
 booktitle = {IEEE Symposium on Security and Privacy},
 year = {2008},
 pages = {369-383},
 ee = {http://doi.ieeecomputersociety.org/10.1109/SP.2008.29},
 bibsource = {DBLP, http://dblp.uni-trier.de}
}

% -------------------------------------------------------------------------------
%                T
% -------------------------------------------------------------------------------

@inproceedings{tallam08,
 title = {Dynamic slicing of multithreaded programs for race detection},
 author = {Sriraman Tallam and Chen Tian and Rajiv Gupta},
 year = {2008},
 doi = {http://dx.doi.org/10.1109/ICSM.2008.4658058},
 tags = {slicing},
 researchr = {http://researchr.org/publication/TallamTG08},
 cites = {0},
 citedby = {0},
 pages = {97-106},
 booktitle = {24th IEEE International Conference on Software Maintenance (ICSM 2008), September 28 - October 4, 2008, Beijing, China},
 publisher = {IEEE},
}

@techreport{tangwongsan06,
 author = {Kanat Tangwongsan},
 title = {Active Data Structures and Applications to Dynamic and Kinetic Algorithms},
 institution = { School of Computer Science, Carnegie Mellon University},
 year = {2006}
}

@article{tanimoto90,
 author = {Steven L. Tanimoto},
 year = {1990},
 title = {{VIVA}: A Visual Language for Image Processing},
 journal = {Journal of Visual Languages and Computing},
 volume = {1},
 number = {2},
 publisher = {Elsevier},
 address = {New York, NY, USA}
}

@article{tip95,
 author = {Frank Tip},
 title = {A survey of program slicing techniques},
 journal = {Journal of Programming Languages},
 volume = {3},
 number = {3},
 year = {1995},
 ee = {http://compscinet.dcs.kcl.ac.uk/JP/jp030301.abs.html},
 bibsource = {DBLP, http://dblp.uni-trier.de}
}

@article{tolmach95,
 author = {Tolmach,Andrew and Appel,Andrew W.},
  title = {A Debugger for {Standard ML}},
 journal = {Journal of Functional Programming},
 volume = {5},
 number = {02},
 pages = {155-200},
 year = {1995},
 doi = {10.1017/S0956796800001313},
 URL = {http://dx.doi.org/10.1017/S0956796800001313},
 eprint = {http://journals.cambridge.org/article_S0956796800001313},
}

@article{tung98,
 author = {Tung, Sho-Huan Simon},
 title = {Visualizing Evaluation in {Scheme}},
 journal = {{LISP} and Symbolic Computation},
 volume = {10},
 number = {3},
 year = {1998},
 issn = {0892-4635},
 pages = {201--222},
 doi = {http://dx.doi.org/10.1023/A:1007730316804},
 publisher = {Kluwer Academic Publishers},
 address = {Hingham, MA, USA}
}

% -------------------------------------------------------------------------------
%                U
% -------------------------------------------------------------------------------

@inproceedings{ungar87,
 author = {David Ungar and Randall B. Smith},
 title = {Self: The power of simplicity},
 booktitle = {OOPSLA '87: Conference Proceedings on Object-Oriented Programming, Systems, Languages, and Applications},
 year = {1987},
 isbn = {0-89791-247-0},
 pages = {227--242},
 location = {Orlando, Florida, USA},
 doi = {http://doi.acm.org/10.1145/38765.38828},
 publisher = {ACM Press},
 address = {New York, NY, USA},
}

@article{uustalu99,
 author = {Tarmo Uustalu and Varmo Vene},
 title = {Primitive (co)recursion and course-of-value (co)iteration, categorically},
 journal = {Informatica},
 volume = {10},
 number = {1},
 pages = {5--26},
 year = {1999}
}

@article{uustalu01,
 author = {Tarmo Uustalu and Varmo Vene and Alberto Pardo},
 title = {Recursion schemes from comonads},
 journal = {Nordic J. of Computing},
 volume = {8},
 number = {3},
 year = {2001},
 issn = {1236-6064},
 pages = {366--390},
 publisher = {Publishing Association Nordic Journal of Computing},
 address = {Finland}
}

@article{uustalu05,
 author = {Tarmo Uustalu and Varmo Vene},
 title = {Signals and Comonads},
 journal = {Journal of Universal Computer Science},
 year = {2005},
 volume = {11},
 number = {7},
 pages = {1311--1326}
}

@inproceedings{uustalu06,
 author = {Tarmo Uustalu and Varmo Vene},
 title = {The Essence of Dataflow Programming},
 editor = {Z. Horv\'ath},
 booktitle = {Central-European Functional Programming School},
 location = {Budapest, Hungary},
 series = {Lecture Notes in Computer Science},
 volume = {4164},
 pages = {135-167},
 publisher = {Springer-Verlag},
 address = {Berlin / Heidelberg},
 year = {2006}
}

% -------------------------------------------------------------------------------
%                V
% -------------------------------------------------------------------------------

@phdthesis{vanOortmerssen06,
 author = {Wouter van Oortmerssen},
 year = 2006,
 title = {Concurrent Tree Space Transformation in the Aardappel Programming Language},
 school = {University of Southampton},
 url = {http://strlen.com/files/lang/aardappel/thesis.pdf}
}

@book{vanRoy04,
 author = {Peter {Van Roy} and Seif Haridi},
 title = {Concepts, Techniques, and Models of Computer Programming},
 year = 2004,
 publisher = {The MIT Press},
 address = {Cambridge, MA, USA},
 isbn = {0-262-22069-5},
 url = {http://www.info.ucl.ac.be/people/PVR/book.html}
}

@misc{victor11,
 author = {Bret Victor},
 title = {Up and Down the Ladder of Abstraction},
 howpublished = {http://worrydream.com/LadderOfAbstraction},
 year = {2011}
}

@misc{victor12,
 author = {Bret Victor},
 title = {Inventing on Principle},
 howpublished = {http://worrydream.com/\#!/InventingOnPrinciple},
 year = {2012}
}

@misc{victor12a,
 author = {Bret Victor},
 title = {Learnable Programming},
 howpublished = {http://worrydream.com/\#!/LearnableProgramming},
 year = {2012}
}

% -------------------------------------------------------------------------------
%                W
% -------------------------------------------------------------------------------

@book{wadge85,
 author = {William W. Wadge and Edward A. Ashcroft},
 title = {LUCID, the dataflow programming language},
 year = {1985},
 isbn = {0-12-729650-6},
 publisher = {Academic Press Professional, Inc.},
 address = {San Diego, CA, USA},
}

@inproceedings{wadler87,
 author = {Philip Wadler},
 title = {Views: a way for pattern matching to cohabit with data abstraction},
 booktitle = {POPL '87: Proceedings of the 14th ACM SIGACT-SIGPLAN Symposium on Principles of Programming Languages},
 year = {1987},
 isbn = {0-89791-215-2},
 pages = {307--313},
 location = {Munich, West Germany},
 doi = {http://doi.acm.org/10.1145/41625.41653},
 publisher = {ACM},
 address = {New York, NY, USA}
}

@inproceedings{wadler92,
 author = {Philip Wadler},
 title = {The essence of functional programming},
 booktitle = {POPL '92: Proceedings of the 19th ACM SIGPLAN-SIGACT Symposium on Principles of Programming Languages},
 year = {1992},
 isbn = {0-89791-453-8},
 pages = {1--14},
 location = {Albuquerque, New Mexico, United States},
 doi = {http://doi.acm.org/10.1145/143165.143169},
 publisher = {ACM},
 address = {New York, NY, USA}
}

@article{wadler97,
 author = {Philip Wadler},
 title = {How to declare an imperative},
 journal = {ACM Computing Surveys},
 volume = {29},
 number = {3},
 year = {1997},
 issn = {0360-0300},
 pages = {240--263},
 doi = {http://doi.acm.org/10.1145/262009.262011},
 publisher = {ACM},
 address = {New York, NY, USA}
}

@misc{wadler98,
 author = {Philip Wadler},
 title = {The Expression Problem},
 howpublished = {http://homepages.inf.ed. ac.uk/wadler/papers/expression/expression.txt},
 year = {1998}
}

@inproceedings{wadler99,
 author = {Philip Wadler},
 title = {The marriage of effects and monads},
 booktitle = {Proceedings of the {ACM} {SIGPLAN} International Conference on Functional Programming ({ICFP} '98)},
 volume = {34(1)},
 pages = {63--74},
 year = {1999},
 url = {citeseer.ist.psu.edu/article/wadler98marriage.html}
}

@inproceedings{wadler03,
 author = {Philip Wadler},
 title = {Call-by-value is dual to call-by-name},
 booktitle = {ICFP '03: Proceedings of the Eighth ACM SIGPLAN International Conference on Functional Programming},
 year = {2003},
 isbn = {1-58113-756-7},
 pages = {189--201},
 location = {Uppsala, Sweden},
 doi = {http://doi.acm.org/10.1145/944705.944723},
 publisher = {ACM},
 address = {New York, NY, USA}
}

@phdthesis{wadsworth71,
 year = 1971,
 type = {{D.Phil.} thesis},
 title = {Semantics and Pragmatics of the Lambda Calculus},
 school = {Oxford University},
 author = {Christopher Peter Wadsworth}
}

@article{wagner74,
 author = {Wagner, Robert A. and Fischer, Michael J.},
 title = {The String-to-String Correction Problem},
 journal = {J. ACM},
 volume = {21},
 issue = {1},
 month = {January},
 year = {1974},
 issn = {0004-5411},
 pages = {168--173},
 numpages = {6},
 url = {http://doi.acm.org/10.1145/321796.321811},
 doi = {http://doi.acm.org/10.1145/321796.321811},
 acmid = {321811},
 publisher = {ACM},
 address = {New York, NY, USA},
}

@inproceedings{wagner97,
 author = {Tim A. Wagner and Susan L. Graham},
 title = {Efficient self-versioning documents},
 booktitle = {COMPCON '97: Proceedings of the 42nd IEEE International Computer Conference},
 year = {1997},
 isbn = {0-8186-7804-6},
 pages = {62--67},
 publisher = {IEEE Computer Society},
 address = {Washington, DC, USA},
}

@misc{wagner97a,
 author = {Tim A. Wagner and Susan L. Graham},
 year = {1997},
 howpublished = {In preparation},
 title = {History-Sensitive Error Recovery},
}

@article{wagner98,
 author = {Tim A. Wagner and Susan L. Graham},
 title = {Efficient and flexible incremental parsing},
 journal = {ACM Transactions on Programming Languages and Systems (TOPLAS)},
 volume = {20},
 number = {5},
 year = {1998},
 issn = {0164-0925},
 pages = {980--1013},
 doi = {http://doi.acm.org/10.1145/293677.293678},
 publisher = {ACM Press},
 address = {New York, NY, USA},
}

@inproceedings{wallace01,
 author = {Malcolm Wallace and Olaf Chitil and Thorsten Brehm and Colin Runciman},
 title = {Multiple-View Tracing for {Haskell}: a New {Hat}},
 month = {September},
 year = {2001},
 pages = {151--170},
 note = {Universiteit Utrecht UU-CS-2001-23},
 doi = {},
 url = {http://www.cs.kent.ac.uk/pubs/2001/1812},
 booktitle = {Proceedings of the 2001 ACM SIGPLAN Haskell Workshop},
 editor = {Ralf Hinze},
 address = {Firenze, Italy}
}

@article{wan00,
 author = {Zhanyong Wan and Paul Hudak},
 title = {Functional reactive programming from first principles},
 journal = {SIGPLAN Notices},
 volume = {35},
 number = {5},
 year = {2000},
 issn = {0362-1340},
 pages = {242--252},
 doi = {http://doi.acm.org/10.1145/358438.349331},
 publisher = {ACM Press},
 address = {New York, NY, USA},
}

@inproceedings{wang04,
 author = {Ge Wang and Perry R. Cook},
 title = {On-the-fly Programming: Using Code as an Expressive Musical instrument},
 booktitle = {Proceedings of the International Conference on New Interfaces for Musical Expression},
 year = {2004},
 pages = {138--143},
 publisher = {}
}
@misc{wang08,
 title = {Translucent Abstraction -- Safe Views through Bidirectional Transformation},
 author = {Meng Wang and Jeremy Gibbons},
 year = {2008},
 howpublished = {Oxford University Computing Laboratory}
}

@article{wang13,
title = "Protocol reverse engineering through dynamic and static binary analysis ",
journal = "The Journal of China Universities of Posts and Telecommunications ",
volume = "20, Supplement 2",
number = "0",
pages = "75 - 79",
year = "2013",
note = "",
issn = "1005-8885",
doi = "http://dx.doi.org/10.1016/S1005-8885(13)60217-4",
url = "http://www.sciencedirect.com/science/article/pii/S1005888513602174",
author = "Ying WANG and Li-ze GU and Zhong-xian LI and Yi-xian YANG",
keywords = "automatic protocol reverse engineering",
keywords = "dynamic binary analysis",
keywords = "static binary analysis "
}

@inbook{wegner96,
 author = {Peter Wegner},
 title = {Interactive Software Technology},
 booktitle = {CRC Handbook of Computer Science and Engineering},
 editor = {A. Tucker},
 year = {1996},
 address = {Boca Raton, FL, USA},
 publisher = {CRC Press}
}

@inproceedings{wegner96a,
 author = {Peter Wegner},
 title = {Coordination as constrained interaction},
 editor = {P. Ciancarini and C. Hankin},
 booktitle = {Coordination Languages and Models -- Proceedings of the 1st International Conference (COORDINATION'96)},
 volume = {1061},
 series = {Lecture Notes in Computer Science},
 pages = {305--320},
 publisher = {Springer-Verlag},
 year = {1996}
}

@article{wegner98,
 author = {Peter Wegner},
 title = {Interactive foundations of computing},
 journal = {Theoretical Computer Science},
 volume = {192},
 number = {2},
 pages = {315--351},
 year = {1998},
 url = {citeseer.ist.psu.edu/wegner97interactive.html}
}

@inproceedings{weiser81,
 author = {Weiser, Mark},
 title = {Program slicing},
 booktitle = {Proceedings of the 5th International Conference on Software Engineering},
 series = {ICSE '81},
 year = {1981},
 isbn = {0-89791-146-6},
 location = {San Diego, California, USA},
 pages = {439--449},
 numpages = {11},
 url = {http://dl.acm.org/citation.cfm?id=800078.802557},
 acmid = {802557},
 publisher = {IEEE Press},
 address = {Piscataway, NJ, USA},
 keywords = {Data flow analysis, Debugging, Human factors, Program maintenance, Program metrics, Software tools},
}

@book{wells96,
 author = {Wells, Lisa K. and Travis, Jeffrey},
 title = {LabVIEW for everyone: graphical programming made even easier},
 year = {1996},
 isbn = {0-13-268194-3},
 publisher = {Prentice-Hall, Inc.},
 address = {Upper Saddle River, NJ, USA},
}

@incollection{westman93,
 year = {1993},
 isbn = {978-3-540-57417-0},
 booktitle = {Automated and Algorithmic Debugging},
 volume = {749},
 series = {Lecture Notes in Computer Science},
 editor = {Fritzson, PeterA.},
 doi = {10.1007/BFb0019414},
 title = {Graphical user interfaces for algorithmic debugging},
 url = {http://dx.doi.org/10.1007/BFb0019414},
 publisher = {Springer-Verlag},
 address = {Berlin / Heidelberg},
 author = {Westman, Rickard and Fritzson, Peter},
 pages = {273-286}
}

@inproceedings{wilde90,
 author = {Wilde, Nicholas and Lewis, Clayton},
 title = {Spreadsheet-based interactive graphics: from prototype to tool},
 booktitle = {Proceedings of the SIGCHI Conference on Human Factors in Computing Systems: Empowering People},
 series = {CHI '90},
 year = {1990},
 isbn = {0-201-50932-6},
 location = {Seattle, Washington, United States},
 pages = {153--160},
 numpages = {8},
 url = {http://doi.acm.org/10.1145/97243.97268},
 doi = {10.1145/97243.97268},
 acmid = {97268},
 publisher = {ACM},
 address = {New York, NY, USA},
}

@article{wright94,
 author = {Andrew K. Wright and Matthias Felleisen},
 title = {A syntactic approach to type soundness},
 journal = {Information and Computation},
 volume = {115},
 number = {1},
 year = {1994},
 issn = {0890-5401},
 pages = {38--94},
 doi = {http://dx.doi.org/10.1006/inco.1994.1093},
 publisher = {Academic Press, Inc.},
 address = {Duluth, MN, USA},
}

@book{wolfram91,
 author = {Wolfram, Stephen},
 title = {Mathematica: a system for doing mathematics by computer (2nd ed.)},
 year = {1991},
 isbn = {0-201-51507-5},
 publisher = {Addison-Wesley Longman Publishing Company, Inc.},
 address = {Redwood City, CA, USA},
}

% -------------------------------------------------------------------------------
%                X
% -------------------------------------------------------------------------------

@inproceedings{xin08,
 author = {Xin, Bin and Sumner, William N. and Zhang, Xiangyu},
 title = {Efficient program execution indexing},
 booktitle = {Proceedings of the 2008 ACM SIGPLAN Conference on Programming Language Design and Implementation},
 series = {PLDI '08},
 year = {2008},
 isbn = {978-1-59593-860-2},
 location = {Tucson, AZ, USA},
 pages = {238--248},
 numpages = {11},
 url = {http://doi.acm.org/10.1145/1375581.1375611},
 doi = {10.1145/1375581.1375611},
 acmid = {1375611},
 publisher = {ACM},
 address = {New York, NY, USA},
 keywords = {control dependence, data race, execution alignment, execution indexing, semantic augmentation, structural indexing},
}

@article{xu05,
 author = {Xu, Baowen and Qian, Ju and Zhang, Xiaofang and Wu, Zhongqiang and Chen, Lin},
 title = {A brief survey of program slicing},
 journal = {ACM SIGSOFT Software Engineering Notes},
 volume = {30},
 issue = {2},
 month = {March},
 year = {2005},
 issn = {0163-5948},
 pages = {1--36},
 numpages = {36},
 url = {http://doi.acm.org/10.1145/1050849.1050865},
 doi = {http://doi.acm.org/10.1145/1050849.1050865},
 acmid = {1050865},
 publisher = {ACM},
 address = {New York, NY, USA},
 keywords = {debugging, dependence analysis, pointer analysis, program analysis, program slicing},
}

% -------------------------------------------------------------------------------
%                Y
% -------------------------------------------------------------------------------

@inproceedings{yellin88,
 author = {Daniel Yellin and Robert Strom},
 title = {{INC}: a language for incremental computations},
 booktitle = {PLDI '88: Proceedings of the ACM SIGPLAN 1988 Conference on Programming Language Design and Implementation},
 year = {1988},
 isbn = {0-89791-269-1},
 pages = {115--124},
 location = {Atlanta, Georgia, USA},
 doi = {http://doi.acm.org/10.1145/53990.54002},
 publisher = {ACM Press},
 address = {New York, NY, USA},
}

@inproceedings{yoshida13,
  author = "Nobuko Yoshida and Raymond Hu and Rumyana Neykova and Nicholas Ng",
  title = "The {Scribble} Protocol Language",
booktitle = "8th International Symposium on Trustworthy Global Computing",
  series = "LNCS",
  volume = "8358",
  publisher = "Springer",
  pages = "22--41",
  year = "2013",
  doi = "10.1007/978-3-319-05119-2_3"
}

% -------------------------------------------------------------------------------
%                Z
% -------------------------------------------------------------------------------

@inproceedings{zeller02,
 author = {Zeller, Andreas},
 title = {Isolating cause-effect chains from computer programs},
 booktitle = {Proceedings of the 10th ACM SIGSOFT Symposium on Foundations of Software Engineering},
 series = {SIGSOFT '02/FSE-10},
 year = {2002},
 isbn = {1-58113-514-9},
 location = {Charleston, South Carolina, USA},
 pages = {1--10},
 numpages = {10},
 url = {http://doi.acm.org/10.1145/587051.587053},
 doi = {10.1145/587051.587053},
 acmid = {587053},
 publisher = {ACM},
 address = {New York, NY, USA},
 keywords = {automated debugging, program comprehension, testing, tracing},
}

@inproceedings{zhang07,
 author = {Zhang, Xiangyu and Tallam, Sriraman and Gupta, Neelam and Gupta, Rajiv},
 title = {Towards locating execution omission errors},
 booktitle = {Proceedings of the 2007 ACM SIGPLAN conference on Programming Language Design and Implementation},
 series = {PLDI '07},
 year = {2007},
 isbn = {978-1-59593-633-2},
 location = {San Diego, California, USA},
 pages = {415--424},
 numpages = {10},
 url = {http://doi.acm.org/10.1145/1250734.1250782},
 doi = {10.1145/1250734.1250782},
 acmid = {1250782},
 publisher = {ACM},
 address = {New York, NY, USA},
 keywords = {debugging, execution omission, implicit dependence, potential dependence, predicate switching, relevant slicing},
}
